fromage_names,fromage_familles,pates,url_info_fromages,descriptions,note_moyenne,nb_avis,prix,images_fromage,transaction,dates de ventes,quantites vendues
Abbaye de la Pierre-qui-Vire,Vache,Molle à croûte lavée,NULL,NULL,NULL,NULL,NULL,NULL,NULL,NULL,NULL
Abondance,Vache,Pressée cuite,https://www.laboitedufromager.com/fromage/abondance/,"L’Abondance est un fromage au lait cru de vache de race Abondance, Tarine et Montbéliarde. À pâte demi-cuite, il se présente sous la forme d’une meule de 6 à 12 kg, à talon concave. Il a une pâte souple et fondante de couleur ivoire à jaune pâle, avec un taux de matière grasse de 33 %. La durée d’affinage est d’au moins 3 mois sur des planches d’épicéa et en cave fraîche et humide au cours desquels il est régulièrement frotté à l’eau salée et retourné. L’Abondance est produite uniquement dans la Haute-Savoie. Il est apprécié tel quel, fondu ou cuisiné dans de nombreux plats salés pour ses notes de noisette et sa saveur fruitée. Lorsque l’Abondance est fermier, il comporte une plaque de caséine ovale et verte sur son talon. S’il est fabriqué en fromagerie (laitier), la plaque est carrée et rouge. Prix au kilo : 39,50€ (soit 11,85€ pour 300g)",4.21,29.0,11.85,abondance.jpg,ad20a201-6c6d-4ab6-818e-684a86d3a27f,2021-01-28,4.0
Abondance,Vache,Pressée cuite,https://www.laboitedufromager.com/fromage/abondance/,"L’Abondance est un fromage au lait cru de vache de race Abondance, Tarine et Montbéliarde. À pâte demi-cuite, il se présente sous la forme d’une meule de 6 à 12 kg, à talon concave. Il a une pâte souple et fondante de couleur ivoire à jaune pâle, avec un taux de matière grasse de 33 %. La durée d’affinage est d’au moins 3 mois sur des planches d’épicéa et en cave fraîche et humide au cours desquels il est régulièrement frotté à l’eau salée et retourné. L’Abondance est produite uniquement dans la Haute-Savoie. Il est apprécié tel quel, fondu ou cuisiné dans de nombreux plats salés pour ses notes de noisette et sa saveur fruitée. Lorsque l’Abondance est fermier, il comporte une plaque de caséine ovale et verte sur son talon. S’il est fabriqué en fromagerie (laitier), la plaque est carrée et rouge. Prix au kilo : 39,50€ (soit 11,85€ pour 300g)",4.21,29.0,11.85,abondance.jpg,50d1d69e-cbd0-43cf-889a-a7c270ee4f75,2021-04-16,2.0
Abondance,Vache,Pressée cuite,https://www.laboitedufromager.com/fromage/abondance/,"L’Abondance est un fromage au lait cru de vache de race Abondance, Tarine et Montbéliarde. À pâte demi-cuite, il se présente sous la forme d’une meule de 6 à 12 kg, à talon concave. Il a une pâte souple et fondante de couleur ivoire à jaune pâle, avec un taux de matière grasse de 33 %. La durée d’affinage est d’au moins 3 mois sur des planches d’épicéa et en cave fraîche et humide au cours desquels il est régulièrement frotté à l’eau salée et retourné. L’Abondance est produite uniquement dans la Haute-Savoie. Il est apprécié tel quel, fondu ou cuisiné dans de nombreux plats salés pour ses notes de noisette et sa saveur fruitée. Lorsque l’Abondance est fermier, il comporte une plaque de caséine ovale et verte sur son talon. S’il est fabriqué en fromagerie (laitier), la plaque est carrée et rouge. Prix au kilo : 39,50€ (soit 11,85€ pour 300g)",4.21,29.0,11.85,abondance.jpg,bb731a4c-f562-4532-bf61-e9548e0d9393,2020-06-08,4.0
Abondance,Vache,Pressée cuite,https://www.laboitedufromager.com/fromage/abondance/,"L’Abondance est un fromage au lait cru de vache de race Abondance, Tarine et Montbéliarde. À pâte demi-cuite, il se présente sous la forme d’une meule de 6 à 12 kg, à talon concave. Il a une pâte souple et fondante de couleur ivoire à jaune pâle, avec un taux de matière grasse de 33 %. La durée d’affinage est d’au moins 3 mois sur des planches d’épicéa et en cave fraîche et humide au cours desquels il est régulièrement frotté à l’eau salée et retourné. L’Abondance est produite uniquement dans la Haute-Savoie. Il est apprécié tel quel, fondu ou cuisiné dans de nombreux plats salés pour ses notes de noisette et sa saveur fruitée. Lorsque l’Abondance est fermier, il comporte une plaque de caséine ovale et verte sur son talon. S’il est fabriqué en fromagerie (laitier), la plaque est carrée et rouge. Prix au kilo : 39,50€ (soit 11,85€ pour 300g)",4.21,29.0,11.85,abondance.jpg,072104c0-0e56-4c09-a709-670083bbe0f1,2021-09-11,1.0
Abondance,Vache,Pressée cuite,https://www.laboitedufromager.com/fromage/abondance/,"L’Abondance est un fromage au lait cru de vache de race Abondance, Tarine et Montbéliarde. À pâte demi-cuite, il se présente sous la forme d’une meule de 6 à 12 kg, à talon concave. Il a une pâte souple et fondante de couleur ivoire à jaune pâle, avec un taux de matière grasse de 33 %. La durée d’affinage est d’au moins 3 mois sur des planches d’épicéa et en cave fraîche et humide au cours desquels il est régulièrement frotté à l’eau salée et retourné. L’Abondance est produite uniquement dans la Haute-Savoie. Il est apprécié tel quel, fondu ou cuisiné dans de nombreux plats salés pour ses notes de noisette et sa saveur fruitée. Lorsque l’Abondance est fermier, il comporte une plaque de caséine ovale et verte sur son talon. S’il est fabriqué en fromagerie (laitier), la plaque est carrée et rouge. Prix au kilo : 39,50€ (soit 11,85€ pour 300g)",4.21,29.0,11.85,abondance.jpg,5f1d231d-fa7f-43a8-8a7f-b7d6fd605355,2020-07-20,2.0
Abondance,Vache,Pressée cuite,https://www.laboitedufromager.com/fromage/abondance/,"L’Abondance est un fromage au lait cru de vache de race Abondance, Tarine et Montbéliarde. À pâte demi-cuite, il se présente sous la forme d’une meule de 6 à 12 kg, à talon concave. Il a une pâte souple et fondante de couleur ivoire à jaune pâle, avec un taux de matière grasse de 33 %. La durée d’affinage est d’au moins 3 mois sur des planches d’épicéa et en cave fraîche et humide au cours desquels il est régulièrement frotté à l’eau salée et retourné. L’Abondance est produite uniquement dans la Haute-Savoie. Il est apprécié tel quel, fondu ou cuisiné dans de nombreux plats salés pour ses notes de noisette et sa saveur fruitée. Lorsque l’Abondance est fermier, il comporte une plaque de caséine ovale et verte sur son talon. S’il est fabriqué en fromagerie (laitier), la plaque est carrée et rouge. Prix au kilo : 39,50€ (soit 11,85€ pour 300g)",4.21,29.0,11.85,abondance.jpg,85fd0129-3766-4c46-adb6-c7e1979570d3,2021-12-20,1.0
Angors,Chèvre,Molle à croûte naturelle,https://www.laboitedufromager.com/fromage/angors/,"L’Angors est un fromage fabriqué de manière artisanale, au lait cru de chèvre. Il est produit dans les Deux-Sèvres par la Fromagerie des Gors. Prix à la Pièce : 7,50 €",4.75,4.0,7.5,Losange_Angors_3_OK_600600.jpg,b4c2c40b-0362-4c5c-89e1-8f1d5a439dca,2021-12-08,2.0
Anneau de Saint Clément,Chèvre,Molle à croûte naturelle,https://www.laboitedufromager.com/fromage/anneau-de-saint-clement/,"L’Anneau de Saint-Clément est un fromage fermier au lait cru de chèvre produit dans le Périgord, par la Ferme de Teinteillac. Prix à la Pièce : 7,90 €",5.0,1.0,7.9,Anneau_StClement_JL_600600.jpg,cc008db0-de0e-4512-ab50-f547c194ab1b,2021-08-13,3.0
Anneau de Saint Clément,Chèvre,Molle à croûte naturelle,https://www.laboitedufromager.com/fromage/anneau-de-saint-clement/,"L’Anneau de Saint-Clément est un fromage fermier au lait cru de chèvre produit dans le Périgord, par la Ferme de Teinteillac. Prix à la Pièce : 7,90 €",5.0,1.0,7.9,Anneau_StClement_JL_600600.jpg,662f8c43-ee60-40c3-9d0c-52d84489a99c,2020-10-23,4.0
Anneau de Saint Clément,Chèvre,Molle à croûte naturelle,https://www.laboitedufromager.com/fromage/anneau-de-saint-clement/,"L’Anneau de Saint-Clément est un fromage fermier au lait cru de chèvre produit dans le Périgord, par la Ferme de Teinteillac. Prix à la Pièce : 7,90 €",5.0,1.0,7.9,Anneau_StClement_JL_600600.jpg,44fb32bc-6d21-4f11-8128-ddd2a4cba503,2020-08-05,4.0
Anneau de Saint Clément,Chèvre,Molle à croûte naturelle,https://www.laboitedufromager.com/fromage/anneau-de-saint-clement/,"L’Anneau de Saint-Clément est un fromage fermier au lait cru de chèvre produit dans le Périgord, par la Ferme de Teinteillac. Prix à la Pièce : 7,90 €",5.0,1.0,7.9,Anneau_StClement_JL_600600.jpg,287ea799-75ea-434c-b111-55d0b822144e,2020-08-11,5.0
Anneau de Saint Clément,Chèvre,Molle à croûte naturelle,https://www.laboitedufromager.com/fromage/anneau-de-saint-clement/,"L’Anneau de Saint-Clément est un fromage fermier au lait cru de chèvre produit dans le Périgord, par la Ferme de Teinteillac. Prix à la Pièce : 7,90 €",5.0,1.0,7.9,Anneau_StClement_JL_600600.jpg,6150ffe5-0f10-4985-8d60-1e48191466df,2020-04-11,1.0
Anneau de Saint Clément,Chèvre,Molle à croûte naturelle,https://www.laboitedufromager.com/fromage/anneau-de-saint-clement/,"L’Anneau de Saint-Clément est un fromage fermier au lait cru de chèvre produit dans le Périgord, par la Ferme de Teinteillac. Prix à la Pièce : 7,90 €",5.0,1.0,7.9,Anneau_StClement_JL_600600.jpg,7bd36c47-3161-45dc-836b-4d2475ff7672,2021-06-26,1.0
Anneau du Vic-Bilh,Chèvre,Molle à croûte naturelle,https://www.laboitedufromager.com/fromage/anneau-vic-bilh/,"L’Anneau de Vic-Bilh est un fromage fermier au lait cru de chèvre produit dans le midi-pyrénées. Prix à la Pièce : 8,90 €",4.5,14.0,8.9,Anneau_Vic-Bilh_1_600600.jpg,21275e8f-a5f2-4b16-9e14-44cd71a9be9a,2020-04-07,2.0
Anneau du Vic-Bilh,Chèvre,Molle à croûte naturelle,https://www.laboitedufromager.com/fromage/anneau-vic-bilh/,"L’Anneau de Vic-Bilh est un fromage fermier au lait cru de chèvre produit dans le midi-pyrénées. Prix à la Pièce : 8,90 €",4.5,14.0,8.9,Anneau_Vic-Bilh_1_600600.jpg,b01d243d-5d4d-4e88-8b5d-04b93735944d,2021-04-22,3.0
Anneau du Vic-Bilh,Chèvre,Molle à croûte naturelle,https://www.laboitedufromager.com/fromage/anneau-vic-bilh/,"L’Anneau de Vic-Bilh est un fromage fermier au lait cru de chèvre produit dans le midi-pyrénées. Prix à la Pièce : 8,90 €",4.5,14.0,8.9,Anneau_Vic-Bilh_1_600600.jpg,07a796a6-d2cc-4960-95eb-22d76eff7a72,2021-03-03,4.0
Appenzeller,Vache,Pressée cuite,https://www.laboitedufromager.com/fromage/appenzeller/,"L’Appenzeller est un fromage à pâte pressée cuite, au lait de vache. Il est fabriqué en Suisse, et peut être utilisé pour la fondue. Prix au kilo : 46,90 € (soit 14,07 € les 300g)",5.0,1.0,14.07,Appenzeller_JL_600600.jpg,99b491d0-6897-453c-a99c-9a19f96721d9,2020-10-05,4.0
Appenzeller,Vache,Pressée cuite,https://www.laboitedufromager.com/fromage/appenzeller/,"L’Appenzeller est un fromage à pâte pressée cuite, au lait de vache. Il est fabriqué en Suisse, et peut être utilisé pour la fondue. Prix au kilo : 46,90 € (soit 14,07 € les 300g)",5.0,1.0,14.07,Appenzeller_JL_600600.jpg,a01f9187-7fe3-4443-a923-4c9db096d154,2021-10-27,2.0
Ariégeois,Vache,Pressée non cuite,https://www.laboitedufromager.com/fromage/ariegeois/,"L’Ariégeois à la forme d’un disque.  C’est un fromage onctueux, à pâte pressée non cuite, au lait de vache. Prix au Kilo : 35 € (soit 10,50€ les 300g)",3.5,2.0,10.5,Ariegeois_1_JL_600600.jpg,e544393d-5540-462c-a96a-491020adc0f9,2020-05-23,2.0
Ariégeois,Vache,Pressée non cuite,https://www.laboitedufromager.com/fromage/ariegeois/,"L’Ariégeois à la forme d’un disque.  C’est un fromage onctueux, à pâte pressée non cuite, au lait de vache. Prix au Kilo : 35 € (soit 10,50€ les 300g)",3.5,2.0,10.5,Ariegeois_1_JL_600600.jpg,d112501d-cb6f-432c-9071-ba950e7f2b81,2020-07-25,5.0
Ariégeois,Vache,Pressée non cuite,https://www.laboitedufromager.com/fromage/ariegeois/,"L’Ariégeois à la forme d’un disque.  C’est un fromage onctueux, à pâte pressée non cuite, au lait de vache. Prix au Kilo : 35 € (soit 10,50€ les 300g)",3.5,2.0,10.5,Ariegeois_1_JL_600600.jpg,42e29f3e-2088-42d5-9881-cec0376b46d7,2020-03-18,3.0
Ariégeois,Vache,Pressée non cuite,https://www.laboitedufromager.com/fromage/ariegeois/,"L’Ariégeois à la forme d’un disque.  C’est un fromage onctueux, à pâte pressée non cuite, au lait de vache. Prix au Kilo : 35 € (soit 10,50€ les 300g)",3.5,2.0,10.5,Ariegeois_1_JL_600600.jpg,16cc1832-6677-4af4-9297-4619dd9b79e3,2020-04-14,5.0
Ariégeois,Vache,Pressée non cuite,https://www.laboitedufromager.com/fromage/ariegeois/,"L’Ariégeois à la forme d’un disque.  C’est un fromage onctueux, à pâte pressée non cuite, au lait de vache. Prix au Kilo : 35 € (soit 10,50€ les 300g)",3.5,2.0,10.5,Ariegeois_1_JL_600600.jpg,4114c3d7-9d1d-4e46-85e7-85e46601e525,2020-03-27,4.0
Ariégeois,Vache,Pressée non cuite,https://www.laboitedufromager.com/fromage/ariegeois/,"L’Ariégeois à la forme d’un disque.  C’est un fromage onctueux, à pâte pressée non cuite, au lait de vache. Prix au Kilo : 35 € (soit 10,50€ les 300g)",3.5,2.0,10.5,Ariegeois_1_JL_600600.jpg,9c276f64-b9f9-4c29-813e-4bf75f98f777,2021-10-08,1.0
Banon,Chèvre,Molle à croûte naturelle,NULL,NULL,NULL,NULL,NULL,NULL,c9b867d4-9784-4e77-a7e1-c56ceafa84d5,2020-11-06,2.0
Banon,Chèvre,Molle à croûte naturelle,NULL,NULL,NULL,NULL,NULL,NULL,8e0a9dd4-07da-4b24-8436-941d1ecaeac4,2021-12-16,1.0
Banon,Chèvre,Molle à croûte naturelle,NULL,NULL,NULL,NULL,NULL,NULL,ff1ed0d5-33f0-4785-b43d-26b07a55ec4d,2020-07-18,1.0
Baudaïe Bio,Vache,Molle à croûte lavée,https://www.laboitedufromager.com/fromage/baudaie-bio/,"Le Baudaïe Bio est un fromage à pâte molle à croûte lavée, de couleur orangée. Prix au Kilo : 24 € / Kg (Soit 7,20 € les 300g)",NULL,NULL,7.2,Baudaie-Bio_1JL_600600.jpg,f09574a7-d6f9-4c00-93c9-6d44c3a6f020,2020-03-21,2.0
Baudaïe Bio,Vache,Molle à croûte lavée,https://www.laboitedufromager.com/fromage/baudaie-bio/,"Le Baudaïe Bio est un fromage à pâte molle à croûte lavée, de couleur orangée. Prix au Kilo : 24 € / Kg (Soit 7,20 € les 300g)",NULL,NULL,7.2,Baudaie-Bio_1JL_600600.jpg,24cd4737-316a-4704-883e-f16f3dfeba2c,2021-07-27,2.0
Baudaïe Bio,Vache,Molle à croûte lavée,https://www.laboitedufromager.com/fromage/baudaie-bio/,"Le Baudaïe Bio est un fromage à pâte molle à croûte lavée, de couleur orangée. Prix au Kilo : 24 € / Kg (Soit 7,20 € les 300g)",NULL,NULL,7.2,Baudaie-Bio_1JL_600600.jpg,7673bb49-161d-46fc-9f9a-06ee4242a34c,2020-12-22,5.0
Beaufort AOP,Vache,Pressée cuite,https://www.laboitedufromager.com/fromage/beaufort/,"Le Beaufort est un fromage à pâte pressée cuite provenant de Savoie. Il est produit à base de lait cru et entier de vache. Le lait provient de deux races de vaches qui sont la race Tarine et la race Abondance. Leur particularité est la qualité de leur lait et leur facilité d’adaptation aux conditions difficiles des montagnes. Quant au fromage Beaufort, on l’apprécie pour son goût unique et ses arômes subtils. Il se reconnait visuellement à son talon concave, sa pâte lisse de couleur ivoire à jaune pâle. En forme de meule, le Beaufort peut peser jusqu’à 40 kg. Sa fabrication suit un cahier des charges très strict, ce qui garantit aux friands de fromage un produit de qualité et respectueux des traditions. Le fromage Beaufort dispose de l’Appellation d’Origine Contrôlée depuis 1968. Prix au kilo : 55 € / Kg Beaufort d’Alpage (soit 16,50 € les 300g)",4.17,12.0,16.5,Beaufort_3_OK_600600.jpg,a84cd84a-d2bf-4a28-9255-ab5baeacb11a,2020-05-08,3.0
Beaufort AOP,Vache,Pressée cuite,https://www.laboitedufromager.com/fromage/beaufort/,"Le Beaufort est un fromage à pâte pressée cuite provenant de Savoie. Il est produit à base de lait cru et entier de vache. Le lait provient de deux races de vaches qui sont la race Tarine et la race Abondance. Leur particularité est la qualité de leur lait et leur facilité d’adaptation aux conditions difficiles des montagnes. Quant au fromage Beaufort, on l’apprécie pour son goût unique et ses arômes subtils. Il se reconnait visuellement à son talon concave, sa pâte lisse de couleur ivoire à jaune pâle. En forme de meule, le Beaufort peut peser jusqu’à 40 kg. Sa fabrication suit un cahier des charges très strict, ce qui garantit aux friands de fromage un produit de qualité et respectueux des traditions. Le fromage Beaufort dispose de l’Appellation d’Origine Contrôlée depuis 1968. Prix au kilo : 55 € / Kg Beaufort d’Alpage (soit 16,50 € les 300g)",4.17,12.0,16.5,Beaufort_3_OK_600600.jpg,41fe7404-5c2c-46df-8bb4-42e794915b0e,2021-03-26,3.0
Beaufort AOP,Vache,Pressée cuite,https://www.laboitedufromager.com/fromage/beaufort/,"Le Beaufort est un fromage à pâte pressée cuite provenant de Savoie. Il est produit à base de lait cru et entier de vache. Le lait provient de deux races de vaches qui sont la race Tarine et la race Abondance. Leur particularité est la qualité de leur lait et leur facilité d’adaptation aux conditions difficiles des montagnes. Quant au fromage Beaufort, on l’apprécie pour son goût unique et ses arômes subtils. Il se reconnait visuellement à son talon concave, sa pâte lisse de couleur ivoire à jaune pâle. En forme de meule, le Beaufort peut peser jusqu’à 40 kg. Sa fabrication suit un cahier des charges très strict, ce qui garantit aux friands de fromage un produit de qualité et respectueux des traditions. Le fromage Beaufort dispose de l’Appellation d’Origine Contrôlée depuis 1968. Prix au kilo : 55 € / Kg Beaufort d’Alpage (soit 16,50 € les 300g)",4.17,12.0,16.5,Beaufort_3_OK_600600.jpg,69f0b8f2-a6b3-47fc-876c-f9d8e4dca668,2020-02-18,4.0
Beaufort AOP,Vache,Pressée cuite,https://www.laboitedufromager.com/fromage/beaufort/,"Le Beaufort est un fromage à pâte pressée cuite provenant de Savoie. Il est produit à base de lait cru et entier de vache. Le lait provient de deux races de vaches qui sont la race Tarine et la race Abondance. Leur particularité est la qualité de leur lait et leur facilité d’adaptation aux conditions difficiles des montagnes. Quant au fromage Beaufort, on l’apprécie pour son goût unique et ses arômes subtils. Il se reconnait visuellement à son talon concave, sa pâte lisse de couleur ivoire à jaune pâle. En forme de meule, le Beaufort peut peser jusqu’à 40 kg. Sa fabrication suit un cahier des charges très strict, ce qui garantit aux friands de fromage un produit de qualité et respectueux des traditions. Le fromage Beaufort dispose de l’Appellation d’Origine Contrôlée depuis 1968. Prix au kilo : 55 € / Kg Beaufort d’Alpage (soit 16,50 € les 300g)",4.17,12.0,16.5,Beaufort_3_OK_600600.jpg,96d1e43e-56ab-49fa-b685-0ee92aca735d,2020-11-24,1.0
Beaufort AOP,Vache,Pressée cuite,https://www.laboitedufromager.com/fromage/beaufort/,"Le Beaufort est un fromage à pâte pressée cuite provenant de Savoie. Il est produit à base de lait cru et entier de vache. Le lait provient de deux races de vaches qui sont la race Tarine et la race Abondance. Leur particularité est la qualité de leur lait et leur facilité d’adaptation aux conditions difficiles des montagnes. Quant au fromage Beaufort, on l’apprécie pour son goût unique et ses arômes subtils. Il se reconnait visuellement à son talon concave, sa pâte lisse de couleur ivoire à jaune pâle. En forme de meule, le Beaufort peut peser jusqu’à 40 kg. Sa fabrication suit un cahier des charges très strict, ce qui garantit aux friands de fromage un produit de qualité et respectueux des traditions. Le fromage Beaufort dispose de l’Appellation d’Origine Contrôlée depuis 1968. Prix au kilo : 55 € / Kg Beaufort d’Alpage (soit 16,50 € les 300g)",4.17,12.0,16.5,Beaufort_3_OK_600600.jpg,36a04ec1-e4c1-4163-94dc-158fbfba92bd,2021-12-02,4.0
Béret Savoyard,Vache,Pressée non cuite,https://www.laboitedufromager.com/fromage/beret-savoyard/,"Comme son nom le laisse entendre, le Béret Savoyard est un fromage originaire de la Savoie dans la région Auvergne–Rhône-Alpes. Fabriqué avec du lait cru de vache, il présente un aspect cylindrique et plat avec un léger affaissement. Fromage à pâte pressée non cuite, le Béret Savoyard a un goût délicatement parfumé et fruité avec des arômes de noisettes. D’ailleurs, il est très agréable en bouche, notamment avec sa texture souple et fondante. Tant au niveau de sa saveur que de sa forme, le Béret Savoyard ressemble beaucoup au Reblochon AOP et à la Tomme de Savoie IGP, qui n’est autre que sa cousine. Avec en moyenne 31 % de matières grasses, le Béret Savoyard se déguste à toutes les occasions et sans modération. Prix au kilo : 31€ (soit 9,30€ les 300g)",4.2,5.0,9.3,Beret-Savoyard_JL.jpg,a930e7e2-ccf0-4847-b410-b9d2eeaad64d,2021-05-08,5.0
Béret Savoyard,Vache,Pressée non cuite,https://www.laboitedufromager.com/fromage/beret-savoyard/,"Comme son nom le laisse entendre, le Béret Savoyard est un fromage originaire de la Savoie dans la région Auvergne–Rhône-Alpes. Fabriqué avec du lait cru de vache, il présente un aspect cylindrique et plat avec un léger affaissement. Fromage à pâte pressée non cuite, le Béret Savoyard a un goût délicatement parfumé et fruité avec des arômes de noisettes. D’ailleurs, il est très agréable en bouche, notamment avec sa texture souple et fondante. Tant au niveau de sa saveur que de sa forme, le Béret Savoyard ressemble beaucoup au Reblochon AOP et à la Tomme de Savoie IGP, qui n’est autre que sa cousine. Avec en moyenne 31 % de matières grasses, le Béret Savoyard se déguste à toutes les occasions et sans modération. Prix au kilo : 31€ (soit 9,30€ les 300g)",4.2,5.0,9.3,Beret-Savoyard_JL.jpg,bd2e07e3-9b75-4052-bedb-b5f220318861,2020-03-04,1.0
Béret Savoyard,Vache,Pressée non cuite,https://www.laboitedufromager.com/fromage/beret-savoyard/,"Comme son nom le laisse entendre, le Béret Savoyard est un fromage originaire de la Savoie dans la région Auvergne–Rhône-Alpes. Fabriqué avec du lait cru de vache, il présente un aspect cylindrique et plat avec un léger affaissement. Fromage à pâte pressée non cuite, le Béret Savoyard a un goût délicatement parfumé et fruité avec des arômes de noisettes. D’ailleurs, il est très agréable en bouche, notamment avec sa texture souple et fondante. Tant au niveau de sa saveur que de sa forme, le Béret Savoyard ressemble beaucoup au Reblochon AOP et à la Tomme de Savoie IGP, qui n’est autre que sa cousine. Avec en moyenne 31 % de matières grasses, le Béret Savoyard se déguste à toutes les occasions et sans modération. Prix au kilo : 31€ (soit 9,30€ les 300g)",4.2,5.0,9.3,Beret-Savoyard_JL.jpg,4c76935b-a69b-4806-8610-eda97b31d5ea,2021-02-25,5.0
Bergues Torchon,Vache,Molle à croûte lavée,https://www.laboitedufromager.com/fromage/bergues-torchon/,"Le Bergues Torchon est un fromage au lait de vache, à pâte molle à croûte lavée provenant du Nord. Prix au Kilo : 29,90 € (soit 8,97 € pour 300g)",4.0,2.0,8.97,Bergues_OK_600600.jpg,d284a37e-5974-4dad-8c53-b965cfd1aac1,2020-08-16,2.0
Besace Fermière,Chèvre,Molle à croûte naturelle,https://www.laboitedufromager.com/fromage/besace-fermiere/,"La Besace fermière est un fromage fermier au lait cru de chèvre, à croûte naturelle. Elle a une forme ronde, avec un pli sur le dessus. Prix à la Pièce : 7,50 € la Pièce d’environ 205g",4.33,3.0,7.5,Besace_1_JLM3_600600.jpg,7e07671a-a876-418e-bc05-74efb6a23981,2021-09-29,5.0
Bethmale,Vache,Pressée non cuite,https://www.laboitedufromager.com/fromage/bethmale/,"Le Bethmale à la forme d’un disque à talon convexe assez épais, à la pâte pressée non cuite. Il pèse entre 5 et 7 kilogrammes.  Fromage onctueux, il est certainement le fromage au lait de vache des Pyrénées le plus typé. Prix au Kilo : 30,90 € (soit 9,27 € les 300g)",4.11,19.0,9.27,Bethmale_1_600600.jpg,7cd1d053-f379-4142-902f-0b00c56b0de5,2021-06-09,2.0
Bethmale,Vache,Pressée non cuite,https://www.laboitedufromager.com/fromage/bethmale/,"Le Bethmale à la forme d’un disque à talon convexe assez épais, à la pâte pressée non cuite. Il pèse entre 5 et 7 kilogrammes.  Fromage onctueux, il est certainement le fromage au lait de vache des Pyrénées le plus typé. Prix au Kilo : 30,90 € (soit 9,27 € les 300g)",4.11,19.0,9.27,Bethmale_1_600600.jpg,10ceb7ef-0e51-42a8-b52f-1bdb9acddf2e,2020-02-19,4.0
Bethmale Chèvre,Chèvre,Pressée non cuite,https://www.laboitedufromager.com/fromage/bethmale-chevre/,"Le Bethmale chèvre à pâte pressée non cuite, à la forme d’un disque à talon convexe. Prix au Kilo : 35 € (soit 10,50€ les 300g)",5.0,3.0,10.5,Bethmale_chevre_1JL_600600.jpg,03a033fd-c035-4249-960a-a231e4eb4d6f,2020-11-25,1.0
Bethmale Chèvre,Chèvre,Pressée non cuite,https://www.laboitedufromager.com/fromage/bethmale-chevre/,"Le Bethmale chèvre à pâte pressée non cuite, à la forme d’un disque à talon convexe. Prix au Kilo : 35 € (soit 10,50€ les 300g)",5.0,3.0,10.5,Bethmale_chevre_1JL_600600.jpg,a0e3ef83-51e5-46c5-b9db-fccccbbd571a,2020-10-17,1.0
Bichonnet,Chèvre,Molle à croûte naturelle,https://www.laboitedufromager.com/fromage/bichonnet/,"Le Bichonnet est un fromage fermier au lait cru de chèvre produit dans les Hautes Pyrénées. Prix à la Pièce : 9,50 €",4.33,6.0,9.5,Bichonnet_OK_600600.jpg,cae3cfab-d2d6-48b4-9eef-9469edfc40a9,2021-11-28,3.0
Bichonnet,Chèvre,Molle à croûte naturelle,https://www.laboitedufromager.com/fromage/bichonnet/,"Le Bichonnet est un fromage fermier au lait cru de chèvre produit dans les Hautes Pyrénées. Prix à la Pièce : 9,50 €",4.33,6.0,9.5,Bichonnet_OK_600600.jpg,7ba5af19-f042-49d7-9638-e70a2a56694d,2021-09-11,2.0
Bichonnet,Chèvre,Molle à croûte naturelle,https://www.laboitedufromager.com/fromage/bichonnet/,"Le Bichonnet est un fromage fermier au lait cru de chèvre produit dans les Hautes Pyrénées. Prix à la Pièce : 9,50 €",4.33,6.0,9.5,Bichonnet_OK_600600.jpg,48aa24da-84a7-46cd-a6a9-c3f6f1d82740,2020-02-24,1.0
Bichonnet,Chèvre,Molle à croûte naturelle,https://www.laboitedufromager.com/fromage/bichonnet/,"Le Bichonnet est un fromage fermier au lait cru de chèvre produit dans les Hautes Pyrénées. Prix à la Pièce : 9,50 €",4.33,6.0,9.5,Bichonnet_OK_600600.jpg,8618da2f-918b-42be-847d-5daa96879ef2,2020-12-18,2.0
Bleu d’Auvergne AOP,Vache,Persillée,https://www.laboitedufromager.com/fromage/bleu-dauvergne/,"Produit de terroir d’exception, le Bleu d’Auvergne est avant tout un fromage au lait de vache, à pâte persillée. C’est d’ailleurs l’une de ses principales distinctions. Il se présente ainsi sous une forme cylindrique, d’un diamètre d’environ 20 cm et d’une hauteur de 8 à 10 cm. Sa fine croute fleurie est également dotée de reflets bleuâtres. La pâte quant à elle est onctueuse et fondante. Le Bleu d’Auvergne propose une pâte de couleur blanche à ivoire. Les moisissures bleu-vert qui composent cette dernière en fait sa particularité. Ce fromage bénéficie également d’une appellation d’origine protégée (AOP) pour en assurer la qualité. Le produit fini d’un poids de 2 à 3 kg contient au minimum 28 % de matière grasse. À la fin du processus de fabrication, le Bleu d’Auvergne est conditionné dans un papier aluminium. Prix au Kilo : 23,90 € (soit 7,17 € les 300g)",4.09,22.0,7.17,Bleu-dauvergne1_2_600600.jpg,e5b0b858-2477-42ca-bfdc-69e92dc28eb5,2021-12-05,2.0
Bleu d’Auvergne AOP,Vache,Persillée,https://www.laboitedufromager.com/fromage/bleu-dauvergne/,"Produit de terroir d’exception, le Bleu d’Auvergne est avant tout un fromage au lait de vache, à pâte persillée. C’est d’ailleurs l’une de ses principales distinctions. Il se présente ainsi sous une forme cylindrique, d’un diamètre d’environ 20 cm et d’une hauteur de 8 à 10 cm. Sa fine croute fleurie est également dotée de reflets bleuâtres. La pâte quant à elle est onctueuse et fondante. Le Bleu d’Auvergne propose une pâte de couleur blanche à ivoire. Les moisissures bleu-vert qui composent cette dernière en fait sa particularité. Ce fromage bénéficie également d’une appellation d’origine protégée (AOP) pour en assurer la qualité. Le produit fini d’un poids de 2 à 3 kg contient au minimum 28 % de matière grasse. À la fin du processus de fabrication, le Bleu d’Auvergne est conditionné dans un papier aluminium. Prix au Kilo : 23,90 € (soit 7,17 € les 300g)",4.09,22.0,7.17,Bleu-dauvergne1_2_600600.jpg,b754f8fb-dc2b-4323-bdb1-d2e459f726b6,2021-12-12,1.0
Bleu d’Auvergne AOP,Vache,Persillée,https://www.laboitedufromager.com/fromage/bleu-dauvergne/,"Produit de terroir d’exception, le Bleu d’Auvergne est avant tout un fromage au lait de vache, à pâte persillée. C’est d’ailleurs l’une de ses principales distinctions. Il se présente ainsi sous une forme cylindrique, d’un diamètre d’environ 20 cm et d’une hauteur de 8 à 10 cm. Sa fine croute fleurie est également dotée de reflets bleuâtres. La pâte quant à elle est onctueuse et fondante. Le Bleu d’Auvergne propose une pâte de couleur blanche à ivoire. Les moisissures bleu-vert qui composent cette dernière en fait sa particularité. Ce fromage bénéficie également d’une appellation d’origine protégée (AOP) pour en assurer la qualité. Le produit fini d’un poids de 2 à 3 kg contient au minimum 28 % de matière grasse. À la fin du processus de fabrication, le Bleu d’Auvergne est conditionné dans un papier aluminium. Prix au Kilo : 23,90 € (soit 7,17 € les 300g)",4.09,22.0,7.17,Bleu-dauvergne1_2_600600.jpg,6ebe1df6-7098-4eef-97bc-74fa334950ce,2021-05-12,3.0
Bleu de Bonneval,Vache,Persillée,https://www.laboitedufromager.com/fromage/bleu-de-bonneval/,"Le Bleu de Bonneval est un fromage au lait de vache, à pâte persillée, recouvert d’une croûte naturelle fleurie. Prix au Kilo : 29 € / Kg (Soit 5,80 € les 200g)",4.0,1.0,5.8,Bleu_Bonneval_Jeune_600600.jpg,30b19baf-5195-4836-9323-710fea2f24b5,2021-10-06,1.0
Bleu de Bonneval,Vache,Persillée,https://www.laboitedufromager.com/fromage/bleu-de-bonneval/,"Le Bleu de Bonneval est un fromage au lait de vache, à pâte persillée, recouvert d’une croûte naturelle fleurie. Prix au Kilo : 29 € / Kg (Soit 5,80 € les 200g)",4.0,1.0,5.8,Bleu_Bonneval_Jeune_600600.jpg,4905ff8c-729f-4928-be60-a7efe07f9858,2020-03-29,4.0
Bleu de Bonneval,Vache,Persillée,https://www.laboitedufromager.com/fromage/bleu-de-bonneval/,"Le Bleu de Bonneval est un fromage au lait de vache, à pâte persillée, recouvert d’une croûte naturelle fleurie. Prix au Kilo : 29 € / Kg (Soit 5,80 € les 200g)",4.0,1.0,5.8,Bleu_Bonneval_Jeune_600600.jpg,97cf8360-991b-4b1a-9496-7ac0432ad351,2021-01-14,3.0
Bleu de brebis,Brebis,Persillée,https://www.laboitedufromager.com/fromage/bleu-de-brebis/,"Le Bleu de Brebis est un fromage à pâte persillée. Il est produit de façon artisanale dans le Midi-Pyrénées au lait thermisé de brebis. Prix au Kilo : 23 € / Kilo (Soit 4,60 € les 200g)",4.42,12.0,4.6,Persillee_Brebis_1_600600.jpg,65c8fadb-8bac-40a5-bc25-ed7239331481,2021-06-06,4.0
Bleu de brebis,Brebis,Persillée,https://www.laboitedufromager.com/fromage/bleu-de-brebis/,"Le Bleu de Brebis est un fromage à pâte persillée. Il est produit de façon artisanale dans le Midi-Pyrénées au lait thermisé de brebis. Prix au Kilo : 23 € / Kilo (Soit 4,60 € les 200g)",4.42,12.0,4.6,Persillee_Brebis_1_600600.jpg,a87e0821-0284-4115-bda9-59bc828f6e41,2021-08-30,1.0
Bleu de brebis,Brebis,Persillée,https://www.laboitedufromager.com/fromage/bleu-de-brebis/,"Le Bleu de Brebis est un fromage à pâte persillée. Il est produit de façon artisanale dans le Midi-Pyrénées au lait thermisé de brebis. Prix au Kilo : 23 € / Kilo (Soit 4,60 € les 200g)",4.42,12.0,4.6,Persillee_Brebis_1_600600.jpg,50af9272-66b7-4fb3-a160-6cda57585ad5,2021-09-01,5.0
Bleu de brebis,Brebis,Persillée,https://www.laboitedufromager.com/fromage/bleu-de-brebis/,"Le Bleu de Brebis est un fromage à pâte persillée. Il est produit de façon artisanale dans le Midi-Pyrénées au lait thermisé de brebis. Prix au Kilo : 23 € / Kilo (Soit 4,60 € les 200g)",4.42,12.0,4.6,Persillee_Brebis_1_600600.jpg,41e9beeb-42a5-4042-8f0f-cc85c6da9501,2020-06-25,3.0
Bleu de brebis,Brebis,Persillée,https://www.laboitedufromager.com/fromage/bleu-de-brebis/,"Le Bleu de Brebis est un fromage à pâte persillée. Il est produit de façon artisanale dans le Midi-Pyrénées au lait thermisé de brebis. Prix au Kilo : 23 € / Kilo (Soit 4,60 € les 200g)",4.42,12.0,4.6,Persillee_Brebis_1_600600.jpg,dddf6763-803f-4649-aafc-662e0a974840,2020-09-12,3.0
Bleu de chèvre,Chèvre,Persillée,https://www.laboitedufromager.com/fromage/bleu-de-chevre/,"Le Bleu de Chèvre est un fromage au lait de chèvre pasteurisé, à pâte persillée, provenant de Savoie. Prix au Kilo : 31,67 € / Kg (Soit 9,50 € les 300g)",3.7,10.0,9.5,Bleu-Chevre_2_OK_600600.jpg,9bf8f2c9-4a7a-4f46-8bc6-e6ef632b7138,2021-10-19,4.0
Bleu de chèvre,Chèvre,Persillée,https://www.laboitedufromager.com/fromage/bleu-de-chevre/,"Le Bleu de Chèvre est un fromage au lait de chèvre pasteurisé, à pâte persillée, provenant de Savoie. Prix au Kilo : 31,67 € / Kg (Soit 9,50 € les 300g)",3.7,10.0,9.5,Bleu-Chevre_2_OK_600600.jpg,599e41dc-f745-43b6-82ef-64a0cd3988cf,2020-12-29,1.0
Bleu de Gex,Vache,Persillée,https://www.laboitedufromager.com/fromage/bleu-de-gex/,"Le Bleu de Gex (ou Bleu du Haut-Jura ou Septmoncel) est un fromage au lait cru de vache à pâte persillée non présurée et non cuit. Les fromages se présentent sous la forme d’une meule, d’un poids d’environ 7,5 kg. Sa teneur en matière grasse est au minimum de 29% sur Matière finie. Prix au Kilo : 29,90 € (Soit 8,97 € les 300g)",3.57,21.0,8.97,bleu-de-gex.jpg,ac96a09a-2b02-404e-b719-a7c9223b3d60,2020-11-17,2.0
Bleu de Gex,Vache,Persillée,https://www.laboitedufromager.com/fromage/bleu-de-gex/,"Le Bleu de Gex (ou Bleu du Haut-Jura ou Septmoncel) est un fromage au lait cru de vache à pâte persillée non présurée et non cuit. Les fromages se présentent sous la forme d’une meule, d’un poids d’environ 7,5 kg. Sa teneur en matière grasse est au minimum de 29% sur Matière finie. Prix au Kilo : 29,90 € (Soit 8,97 € les 300g)",3.57,21.0,8.97,bleu-de-gex.jpg,351b8628-2f61-4aa8-bfe1-e9c8909b5cb3,2021-11-11,5.0
Bleu de Gex,Vache,Persillée,https://www.laboitedufromager.com/fromage/bleu-de-gex/,"Le Bleu de Gex (ou Bleu du Haut-Jura ou Septmoncel) est un fromage au lait cru de vache à pâte persillée non présurée et non cuit. Les fromages se présentent sous la forme d’une meule, d’un poids d’environ 7,5 kg. Sa teneur en matière grasse est au minimum de 29% sur Matière finie. Prix au Kilo : 29,90 € (Soit 8,97 € les 300g)",3.57,21.0,8.97,bleu-de-gex.jpg,8f03e66a-cdfa-41df-9d7b-d5d1aa0f742b,2021-07-18,1.0
Bleu de Gex,Vache,Persillée,https://www.laboitedufromager.com/fromage/bleu-de-gex/,"Le Bleu de Gex (ou Bleu du Haut-Jura ou Septmoncel) est un fromage au lait cru de vache à pâte persillée non présurée et non cuit. Les fromages se présentent sous la forme d’une meule, d’un poids d’environ 7,5 kg. Sa teneur en matière grasse est au minimum de 29% sur Matière finie. Prix au Kilo : 29,90 € (Soit 8,97 € les 300g)",3.57,21.0,8.97,bleu-de-gex.jpg,dfe61c8e-5ad7-4fec-97f2-529d6417615c,2020-12-18,1.0
Bleu de la Chataigneraie,Vache,Persillée,https://www.laboitedufromager.com/fromage/bleu-de-la-chataigneraie/,"Le Bleu de la Chataigneraie est un fromage au lait de vache, à pâte persillée. Prix au Kilo : 29 € / Kg (Soit 5,80 € les 200g)",NULL,NULL,5.8,Bleu_Chataigneraie_1-OK_600600.jpg,a8b079e8-1b78-426f-81bc-c66b322a22e9,2020-01-23,1.0
Bleu de la Chataigneraie,Vache,Persillée,https://www.laboitedufromager.com/fromage/bleu-de-la-chataigneraie/,"Le Bleu de la Chataigneraie est un fromage au lait de vache, à pâte persillée. Prix au Kilo : 29 € / Kg (Soit 5,80 € les 200g)",NULL,NULL,5.8,Bleu_Chataigneraie_1-OK_600600.jpg,33b0dbfc-3337-4f54-9682-26f86f3cf8e6,2020-12-12,2.0
Bleu de laqueuille,Vache,Persillée,https://www.laboitedufromager.com/fromage/bleu-de-laqueuille/,"Le Bleu de Laqueuille est un fromage au lait pasteurisé de vache, à pâte persillée. Prix au Kilo : 29 € / Kg (Soit 5,80 € les 200g)",3.5,8.0,5.8,Bleu-de-Laqueuille_4_OK_600600.jpg,33032512-8c76-4866-890d-868877e017c3,2020-04-22,3.0
Bleu de laqueuille,Vache,Persillée,https://www.laboitedufromager.com/fromage/bleu-de-laqueuille/,"Le Bleu de Laqueuille est un fromage au lait pasteurisé de vache, à pâte persillée. Prix au Kilo : 29 € / Kg (Soit 5,80 € les 200g)",3.5,8.0,5.8,Bleu-de-Laqueuille_4_OK_600600.jpg,77c0e18a-1c6b-490b-aede-6da226c7a406,2021-02-21,2.0
Bleu de Planèze,Vache,Persillée,https://www.laboitedufromager.com/fromage/bleu-de-planeze/,"Le Bleu de Planèze est un fromage au lait de vache, à pâte persillée, à croûte naturelle. Il se présente sous la forme d’un cylindre plat d’un poids de 2 à 3 kg et contient au moins 333% de matière grasse sur matière sèche. Prix au Kilo : 20 € / Kg (Soit 4€ les 200g)",5.0,1.0,4.0,Bleu-de-planeze_JL_600600.jpg,dcad0810-140d-426c-8a79-866b6d843534,2020-07-17,3.0
Bleu de Planèze,Vache,Persillée,https://www.laboitedufromager.com/fromage/bleu-de-planeze/,"Le Bleu de Planèze est un fromage au lait de vache, à pâte persillée, à croûte naturelle. Il se présente sous la forme d’un cylindre plat d’un poids de 2 à 3 kg et contient au moins 333% de matière grasse sur matière sèche. Prix au Kilo : 20 € / Kg (Soit 4€ les 200g)",5.0,1.0,4.0,Bleu-de-planeze_JL_600600.jpg,5db9a752-206c-431f-a3a3-0e1aa79f0189,2020-12-20,3.0
Bleu de Planèze,Vache,Persillée,https://www.laboitedufromager.com/fromage/bleu-de-planeze/,"Le Bleu de Planèze est un fromage au lait de vache, à pâte persillée, à croûte naturelle. Il se présente sous la forme d’un cylindre plat d’un poids de 2 à 3 kg et contient au moins 333% de matière grasse sur matière sèche. Prix au Kilo : 20 € / Kg (Soit 4€ les 200g)",5.0,1.0,4.0,Bleu-de-planeze_JL_600600.jpg,0f49c216-5c85-4e54-83f5-b228dcb71eb1,2020-11-26,3.0
Bleu de Planèze,Vache,Persillée,https://www.laboitedufromager.com/fromage/bleu-de-planeze/,"Le Bleu de Planèze est un fromage au lait de vache, à pâte persillée, à croûte naturelle. Il se présente sous la forme d’un cylindre plat d’un poids de 2 à 3 kg et contient au moins 333% de matière grasse sur matière sèche. Prix au Kilo : 20 € / Kg (Soit 4€ les 200g)",5.0,1.0,4.0,Bleu-de-planeze_JL_600600.jpg,538cb861-ac9b-4b0d-a946-09093d062b3e,2021-03-25,5.0
Bleu des Bauges,Vache,Persillée,https://www.laboitedufromager.com/fromage/bleu-des-bauges/,"Le Bleu des Bauges est un fromage au lait cru de vache, à croûte grisâtre et avec 29 % de matières grasses. Il présente des veines bleues, d’où son nom de fromage à pâte persillée. En dégustation, il révèle une texture fondante avec un goût lactique doux, légèrement salé et fruité. Sa longueur en bouche procure au palais des sensations savoureuses, promettant ainsi une expérience gustative exceptionnelle. Prix au Kilo : 29,90€ (soit 8,97€ les 300g)",NULL,NULL,8.97,bleu-des-bauges.jpg,6c9a5d58-e9a2-44c9-a597-9a007def74ac,2020-10-09,5.0
Bleu des Causses AOP,Vache,Persillée,https://www.laboitedufromager.com/fromage/bleu-des-causses/,"Le Bleu des Causses s’obtient à partir du lait entier de vache. Il s’agit d’un fromage à pâte persillée à croûte naturelle. Il prend la forme d’un cylindre plat de 20 cm de diamètre et de 8 à 10 cm de hauteur pour un poids allant entre 2 et 3 kg. Le Bleu des Causses se reconnait aussi à sa couleur banche ivoire fleurie en surface. À l’intérieur on découvre une pâte blanc ivoire veinée de moisissures bleues. Comme le Roquefort, le Bleu des Causses est affiné dans des caves naturelles. Toutefois, comme ce premier fromage fut reconnu d’une appellation d’origine en 1925, les producteurs de bleu ont dû choisir un autre nom pour leur fromage. Le « Bleu des Causses » est né.",4.5,4.0,4.0,Bleu-des-Causses_600600.jpg,de7d2281-2e8b-4f06-a21b-3cb14a4ab65d,2020-09-21,4.0
Bleu des Causses AOP,Vache,Persillée,https://www.laboitedufromager.com/fromage/bleu-des-causses/,"Le Bleu des Causses s’obtient à partir du lait entier de vache. Il s’agit d’un fromage à pâte persillée à croûte naturelle. Il prend la forme d’un cylindre plat de 20 cm de diamètre et de 8 à 10 cm de hauteur pour un poids allant entre 2 et 3 kg. Le Bleu des Causses se reconnait aussi à sa couleur banche ivoire fleurie en surface. À l’intérieur on découvre une pâte blanc ivoire veinée de moisissures bleues. Comme le Roquefort, le Bleu des Causses est affiné dans des caves naturelles. Toutefois, comme ce premier fromage fut reconnu d’une appellation d’origine en 1925, les producteurs de bleu ont dû choisir un autre nom pour leur fromage. Le « Bleu des Causses » est né.",4.5,4.0,4.0,Bleu-des-Causses_600600.jpg,82717eb1-a3f2-467c-9a8f-6e642c6a8909,2020-10-31,1.0
Bleu des Causses AOP,Vache,Persillée,https://www.laboitedufromager.com/fromage/bleu-des-causses/,"Le Bleu des Causses s’obtient à partir du lait entier de vache. Il s’agit d’un fromage à pâte persillée à croûte naturelle. Il prend la forme d’un cylindre plat de 20 cm de diamètre et de 8 à 10 cm de hauteur pour un poids allant entre 2 et 3 kg. Le Bleu des Causses se reconnait aussi à sa couleur banche ivoire fleurie en surface. À l’intérieur on découvre une pâte blanc ivoire veinée de moisissures bleues. Comme le Roquefort, le Bleu des Causses est affiné dans des caves naturelles. Toutefois, comme ce premier fromage fut reconnu d’une appellation d’origine en 1925, les producteurs de bleu ont dû choisir un autre nom pour leur fromage. Le « Bleu des Causses » est né.",4.5,4.0,4.0,Bleu-des-Causses_600600.jpg,bdd61dce-eee7-4d93-8c4b-57fc553c6022,2020-06-08,3.0
Bleu des Causses AOP,Vache,Persillée,https://www.laboitedufromager.com/fromage/bleu-des-causses/,"Le Bleu des Causses s’obtient à partir du lait entier de vache. Il s’agit d’un fromage à pâte persillée à croûte naturelle. Il prend la forme d’un cylindre plat de 20 cm de diamètre et de 8 à 10 cm de hauteur pour un poids allant entre 2 et 3 kg. Le Bleu des Causses se reconnait aussi à sa couleur banche ivoire fleurie en surface. À l’intérieur on découvre une pâte blanc ivoire veinée de moisissures bleues. Comme le Roquefort, le Bleu des Causses est affiné dans des caves naturelles. Toutefois, comme ce premier fromage fut reconnu d’une appellation d’origine en 1925, les producteurs de bleu ont dû choisir un autre nom pour leur fromage. Le « Bleu des Causses » est né.",4.5,4.0,4.0,Bleu-des-Causses_600600.jpg,1f3e363a-83d7-4a39-bb7e-15e27e746385,2020-01-25,1.0
Bleu des Causses AOP,Vache,Persillée,https://www.laboitedufromager.com/fromage/bleu-des-causses/,"Le Bleu des Causses s’obtient à partir du lait entier de vache. Il s’agit d’un fromage à pâte persillée à croûte naturelle. Il prend la forme d’un cylindre plat de 20 cm de diamètre et de 8 à 10 cm de hauteur pour un poids allant entre 2 et 3 kg. Le Bleu des Causses se reconnait aussi à sa couleur banche ivoire fleurie en surface. À l’intérieur on découvre une pâte blanc ivoire veinée de moisissures bleues. Comme le Roquefort, le Bleu des Causses est affiné dans des caves naturelles. Toutefois, comme ce premier fromage fut reconnu d’une appellation d’origine en 1925, les producteurs de bleu ont dû choisir un autre nom pour leur fromage. Le « Bleu des Causses » est né.",4.5,4.0,4.0,Bleu-des-Causses_600600.jpg,8e3cd886-af9c-48ad-a9b5-39ed44e173d3,2020-06-15,2.0
Bleu du Val d’Aillon,Vache,Pressée non cuite persillée,https://www.laboitedufromager.com/fromage/bleu-du-val-daillon/,"Le Bleu du Val d’Aillon est un fromage au lait de vache entier, à pâte persillée. Prix au Kilo : 29 € / Kg (Soit 7,25 € les 250g)",3.4,5.0,7.25,Bleu-Aillon_1_OK_600600.jpg,b8231158-15e1-477a-9b1d-20a5fcf3ec12,2020-12-12,2.0
Bleu du Val d’Aillon,Vache,Pressée non cuite persillée,https://www.laboitedufromager.com/fromage/bleu-du-val-daillon/,"Le Bleu du Val d’Aillon est un fromage au lait de vache entier, à pâte persillée. Prix au Kilo : 29 € / Kg (Soit 7,25 € les 250g)",3.4,5.0,7.25,Bleu-Aillon_1_OK_600600.jpg,0e560b69-adb7-41de-a3ee-c88c1d49e72a,2021-12-16,5.0
Bleu du Vercors-Sassenage,Vache,Persillée,https://www.laboitedufromager.com/fromage/bleu-du-vercors-bio/,"Le Bleu du Vercors-Sassenage est un fromage à base de lait de vache cru ou thermisé, ou le mélange des deux. Il est facilement reconnaissable à sa pâte molle, non cuite et non crémeuse, ainsi qu’à sa texture persillée. Sa croûte est habituellement blanche et virer au gris bleu, avec un marbrage de couleur orangé selon la levure utilisée lors de l’affinage. Le Bleu du Vercors-Sassenage dispose d’une forme cylindrique de diamètre pouvant atteindre 30 cm pour une hauteur comprise entre 7 et 9 cm et un poids entre 4 et 4,5 kg. Grâce à un affinage particulièrement contrôlé, ce fromage offre un goût fin et délicat une fois en bouche. Il n’est ni amer, ni trop acide et dégage un parfum de sous-bois et de noisette. Le Bleu du Vercors-Sassenage est produit localement par les 13 communes des départements de la Drôme et de l’Isère. Originaire du plateau du Vercors, il est AOC depuis 1998 et AOP depuis 2001. Prix au Kilo : 27,50 € / Kg (Soit 8,25 € les 300g)",4.07,27.0,8.25,Bleu_Vercors_C_600600.jpg,cb5aae78-5ee7-4472-9434-651c89edb8c5,2021-10-09,5.0
Bleu du Vercors-Sassenage,Vache,Persillée,https://www.laboitedufromager.com/fromage/bleu-du-vercors-bio/,"Le Bleu du Vercors-Sassenage est un fromage à base de lait de vache cru ou thermisé, ou le mélange des deux. Il est facilement reconnaissable à sa pâte molle, non cuite et non crémeuse, ainsi qu’à sa texture persillée. Sa croûte est habituellement blanche et virer au gris bleu, avec un marbrage de couleur orangé selon la levure utilisée lors de l’affinage. Le Bleu du Vercors-Sassenage dispose d’une forme cylindrique de diamètre pouvant atteindre 30 cm pour une hauteur comprise entre 7 et 9 cm et un poids entre 4 et 4,5 kg. Grâce à un affinage particulièrement contrôlé, ce fromage offre un goût fin et délicat une fois en bouche. Il n’est ni amer, ni trop acide et dégage un parfum de sous-bois et de noisette. Le Bleu du Vercors-Sassenage est produit localement par les 13 communes des départements de la Drôme et de l’Isère. Originaire du plateau du Vercors, il est AOC depuis 1998 et AOP depuis 2001. Prix au Kilo : 27,50 € / Kg (Soit 8,25 € les 300g)",4.07,27.0,8.25,Bleu_Vercors_C_600600.jpg,98d272bd-a527-4dc9-b356-d28fdf0f6c02,2021-10-09,1.0
Bleu du Vercors-Sassenage,Vache,Persillée,https://www.laboitedufromager.com/fromage/bleu-du-vercors-bio/,"Le Bleu du Vercors-Sassenage est un fromage à base de lait de vache cru ou thermisé, ou le mélange des deux. Il est facilement reconnaissable à sa pâte molle, non cuite et non crémeuse, ainsi qu’à sa texture persillée. Sa croûte est habituellement blanche et virer au gris bleu, avec un marbrage de couleur orangé selon la levure utilisée lors de l’affinage. Le Bleu du Vercors-Sassenage dispose d’une forme cylindrique de diamètre pouvant atteindre 30 cm pour une hauteur comprise entre 7 et 9 cm et un poids entre 4 et 4,5 kg. Grâce à un affinage particulièrement contrôlé, ce fromage offre un goût fin et délicat une fois en bouche. Il n’est ni amer, ni trop acide et dégage un parfum de sous-bois et de noisette. Le Bleu du Vercors-Sassenage est produit localement par les 13 communes des départements de la Drôme et de l’Isère. Originaire du plateau du Vercors, il est AOC depuis 1998 et AOP depuis 2001. Prix au Kilo : 27,50 € / Kg (Soit 8,25 € les 300g)",4.07,27.0,8.25,Bleu_Vercors_C_600600.jpg,df6e46a4-db86-4e2f-b236-07b9769167e5,2020-12-08,4.0
Bleu du Vercors-Sassenage,Vache,Persillée,https://www.laboitedufromager.com/fromage/bleu-du-vercors-bio/,"Le Bleu du Vercors-Sassenage est un fromage à base de lait de vache cru ou thermisé, ou le mélange des deux. Il est facilement reconnaissable à sa pâte molle, non cuite et non crémeuse, ainsi qu’à sa texture persillée. Sa croûte est habituellement blanche et virer au gris bleu, avec un marbrage de couleur orangé selon la levure utilisée lors de l’affinage. Le Bleu du Vercors-Sassenage dispose d’une forme cylindrique de diamètre pouvant atteindre 30 cm pour une hauteur comprise entre 7 et 9 cm et un poids entre 4 et 4,5 kg. Grâce à un affinage particulièrement contrôlé, ce fromage offre un goût fin et délicat une fois en bouche. Il n’est ni amer, ni trop acide et dégage un parfum de sous-bois et de noisette. Le Bleu du Vercors-Sassenage est produit localement par les 13 communes des départements de la Drôme et de l’Isère. Originaire du plateau du Vercors, il est AOC depuis 1998 et AOP depuis 2001. Prix au Kilo : 27,50 € / Kg (Soit 8,25 € les 300g)",4.07,27.0,8.25,Bleu_Vercors_C_600600.jpg,33e2663d-8c11-481e-be8b-f84fb670ed72,2020-02-06,3.0
Bleu fermier de Haute Savoie,Vache,Persillée,https://www.laboitedufromager.com/fromage/bleu-fermier-de-haute-savoie/,"Le Bleu fermier de Haute-Savoie est fabriqué à partir de lait de vache entier. C’est un fromage à pâte persillée à croûte naturelle. Prix au Kilo : 30 € / Kg (Soit 7,50 € les 250g)",4.0,7.0,7.5,10_bleu-fermier-haute-savoie_2-copie-scaled-1.jpg,b2fb27f2-1445-4f9a-9d99-73b12bce25ef,2020-10-03,1.0
Bleu fermier de Haute Savoie,Vache,Persillée,https://www.laboitedufromager.com/fromage/bleu-fermier-de-haute-savoie/,"Le Bleu fermier de Haute-Savoie est fabriqué à partir de lait de vache entier. C’est un fromage à pâte persillée à croûte naturelle. Prix au Kilo : 30 € / Kg (Soit 7,50 € les 250g)",4.0,7.0,7.5,10_bleu-fermier-haute-savoie_2-copie-scaled-1.jpg,f2b49038-a532-4eeb-adb5-999b6185889d,2021-09-11,4.0
Bleu fermier de Haute Savoie,Vache,Persillée,https://www.laboitedufromager.com/fromage/bleu-fermier-de-haute-savoie/,"Le Bleu fermier de Haute-Savoie est fabriqué à partir de lait de vache entier. C’est un fromage à pâte persillée à croûte naturelle. Prix au Kilo : 30 € / Kg (Soit 7,50 € les 250g)",4.0,7.0,7.5,10_bleu-fermier-haute-savoie_2-copie-scaled-1.jpg,ea2ddc84-4f20-4c1e-9572-8cd3724f2eb0,2021-05-22,5.0
Bonde de Neufchâtel,Vache,Molle à croûte fleurie,https://www.laboitedufromager.com/fromage/bonde-de-neufchatel/,"La Bonde de Neufchâtel est un fromage originaire du Pays de Bray dans le département de la Haute-Normandie. Élaborée avec du lait de vache cru, elle revêt la forme d’un cylindre et présente une pâte molle, à l’aspect lisse et à croûte fleurie. Une douce odeur de moisissure se dégage de sa texture moelleuse dotée de 25 % de matières grasses sur un produit fini. Outre sa consistance onctueuse, la Bonde de Neufchâtel délivre en bouche un goût lactique, légèrement salé et une saveur complexe. Consommable toute l’année, ce produit de qualité fait partie de la famille du Neufchâtel et constitue le plus ancien des fromages des Normands. En ce qui concerne ses origines, elle vient de la fromagerie Jubert dont la renommée est internationale. Prix à la pièce : 5,90 €",4.6,5.0,5.9,neufchatel-bonde_JL.jpg,1e4d63b3-c66a-45c4-91a5-a03c40640fd2,2021-03-08,4.0
Bonde de Neufchâtel,Vache,Molle à croûte fleurie,https://www.laboitedufromager.com/fromage/bonde-de-neufchatel/,"La Bonde de Neufchâtel est un fromage originaire du Pays de Bray dans le département de la Haute-Normandie. Élaborée avec du lait de vache cru, elle revêt la forme d’un cylindre et présente une pâte molle, à l’aspect lisse et à croûte fleurie. Une douce odeur de moisissure se dégage de sa texture moelleuse dotée de 25 % de matières grasses sur un produit fini. Outre sa consistance onctueuse, la Bonde de Neufchâtel délivre en bouche un goût lactique, légèrement salé et une saveur complexe. Consommable toute l’année, ce produit de qualité fait partie de la famille du Neufchâtel et constitue le plus ancien des fromages des Normands. En ce qui concerne ses origines, elle vient de la fromagerie Jubert dont la renommée est internationale. Prix à la pièce : 5,90 €",4.6,5.0,5.9,neufchatel-bonde_JL.jpg,08818061-9fe0-43c9-ba6c-63fa85234457,2021-06-09,2.0
Boulette d’avesnes,Vache,Molle à croûte lavée,NULL,NULL,NULL,NULL,NULL,NULL,6cfa2045-ced9-4311-83ea-6470366580d9,2020-06-21,1.0
Bouquetou du Vernet,Chèvre,Molle à croûte naturelle,https://www.laboitedufromager.com/fromage/bouquetou-du-vernet/,"Le Bouquetou du Vernet est un fromage au lait de cru de chèvre. De couleur jaune pâle, sa peau présente un aspect légèrement velouté. Prix à la pièce : 5,90 €",4.1,10.0,5.9,Bouquetou-du-Vernet_1_JL_600600.jpg,5c0ce639-5851-4ca7-958d-ceef8305ac5b,2020-07-30,5.0
Bouquetou du Vernet,Chèvre,Molle à croûte naturelle,https://www.laboitedufromager.com/fromage/bouquetou-du-vernet/,"Le Bouquetou du Vernet est un fromage au lait de cru de chèvre. De couleur jaune pâle, sa peau présente un aspect légèrement velouté. Prix à la pièce : 5,90 €",4.1,10.0,5.9,Bouquetou-du-Vernet_1_JL_600600.jpg,fb5ae004-b83f-40b9-9217-6a43c118d37c,2021-05-12,5.0
Bouquetou du Vernet,Chèvre,Molle à croûte naturelle,https://www.laboitedufromager.com/fromage/bouquetou-du-vernet/,"Le Bouquetou du Vernet est un fromage au lait de cru de chèvre. De couleur jaune pâle, sa peau présente un aspect légèrement velouté. Prix à la pièce : 5,90 €",4.1,10.0,5.9,Bouquetou-du-Vernet_1_JL_600600.jpg,7119a305-fe8e-4c6b-a3ad-0c22a66bccf8,2020-03-15,2.0
Bouquetou du Vernet,Chèvre,Molle à croûte naturelle,https://www.laboitedufromager.com/fromage/bouquetou-du-vernet/,"Le Bouquetou du Vernet est un fromage au lait de cru de chèvre. De couleur jaune pâle, sa peau présente un aspect légèrement velouté. Prix à la pièce : 5,90 €",4.1,10.0,5.9,Bouquetou-du-Vernet_1_JL_600600.jpg,14b42b51-ecbc-4722-8acd-95a46332c87d,2020-06-11,2.0
Bourrichon,Vache,Molle à croûte fleurie,https://www.laboitedufromager.com/fromage/bourrichon/,"Le Bourrichon est un fromage au lait pasteurisé de vache, à pâte molle à la croûte fleurie provenant de Franche Comté. Prix à la Pièce : 7,90 €",4.83,6.0,7.9,Bourrichon-fond-noir_600600.jpg,20f36f82-7de5-4fe4-9ff2-1173fac7bd6d,2021-10-20,5.0
Bourrichon,Vache,Molle à croûte fleurie,https://www.laboitedufromager.com/fromage/bourrichon/,"Le Bourrichon est un fromage au lait pasteurisé de vache, à pâte molle à la croûte fleurie provenant de Franche Comté. Prix à la Pièce : 7,90 €",4.83,6.0,7.9,Bourrichon-fond-noir_600600.jpg,58dc9f49-21a0-478d-8907-ce90f567f70f,2021-10-18,5.0
Bouton de culotte,Chèvre,Molle à croûte naturelle,https://www.laboitedufromager.com/fromage/bouton-de-culotte/,"Le Bouton de Culotte est un petit fromage fabriqué à base de lait cru de chèvre. C’est l’un des plus petits fromages traditionnels de France, voire du monde. Il est originaire de la région viticole du Mâconnais (dans le département de la Saône-et-Loire). D’ailleurs, ce fromage est également appelé Chevreton du Mâconnais ou encore Cabrion. D’une forme cylindrique de 4 cm de diamètre et de hauteur, et pesant 15 à 30 g, le Bouton de Culotte ressemble à un petit crottin de Chavignol. Il possède une pâte blanche molle. Quant à la croûte, elle est plus ou moins fleurie. Cette dernière est de couleur ivoire. Au fil du temps, elle peut virer du gris au brun. Saviez-vous que ce fromage tire principalement son nom des boutons des pantalons d’antan ? Petits et plus ou moins cylindriques. Prix à la pièce : 2,40 € / Pièce d’environ 50g",4.86,14.0,2.4,22_Bouton-de-culotte_600600.jpg,1cb1d06b-5eae-4269-af4d-376d3e5dbed6,2020-11-25,3.0
Bouyguette de chèvre,Chèvre,Molle à croûte naturelle,https://www.laboitedufromager.com/fromage/bouyguette-de-chevre/,"La Bouyguette de chèvre est un fromage au lait cru de Chèvre. Ce chèvre a la forme d’une navette. En bouche, il est très fondant et rappelle le sud. Prix à la Pièce de 150g : 6,50€",4.0,1.0,5.99,Bouyguette_de_chevre_JL1_600600.jpg,079e21c5-3049-4645-9972-669c416cc1e0,2021-03-11,3.0
Bouyguette de chèvre,Chèvre,Molle à croûte naturelle,https://www.laboitedufromager.com/fromage/bouyguette-de-chevre/,"La Bouyguette de chèvre est un fromage au lait cru de Chèvre. Ce chèvre a la forme d’une navette. En bouche, il est très fondant et rappelle le sud. Prix à la Pièce de 150g : 6,50€",4.0,1.0,5.99,Bouyguette_de_chevre_JL1_600600.jpg,aa26b439-c6ab-45c5-a0b1-36d5d765474c,2021-02-14,2.0
Bouyguette de chèvre,Chèvre,Molle à croûte naturelle,https://www.laboitedufromager.com/fromage/bouyguette-de-chevre/,"La Bouyguette de chèvre est un fromage au lait cru de Chèvre. Ce chèvre a la forme d’une navette. En bouche, il est très fondant et rappelle le sud. Prix à la Pièce de 150g : 6,50€",4.0,1.0,5.99,Bouyguette_de_chevre_JL1_600600.jpg,af979c8f-017c-46e2-8568-98f4d4e5eb1a,2021-07-09,5.0
Brézain (Raclette fumée),Vache,"Pressée non cuite, fumée au feu de bois",https://www.laboitedufromager.com/fromage/brezain/,"Onctueux, savoureux et original, le Brézain est un fromage fumé à pâte pressée non cuite, de Haute-Savoie, idéal pour partager un moment convivial. Avec ses rondeurs et sa forme galbée, il évoque un gâteau gourmand qui dévoile une pâte fondante et crémeuse à souhait. Prix au Kilo : 25,90 € / Kg (Soit 7,77 € les 300g)",4.0,10.0,7.77,Raclette-Fume_600600.jpg,a1975f75-fb7f-46c4-97a3-3a3bec955a6b,2020-09-17,4.0
Brézain (Raclette fumée),Vache,"Pressée non cuite, fumée au feu de bois",https://www.laboitedufromager.com/fromage/brezain/,"Onctueux, savoureux et original, le Brézain est un fromage fumé à pâte pressée non cuite, de Haute-Savoie, idéal pour partager un moment convivial. Avec ses rondeurs et sa forme galbée, il évoque un gâteau gourmand qui dévoile une pâte fondante et crémeuse à souhait. Prix au Kilo : 25,90 € / Kg (Soit 7,77 € les 300g)",4.0,10.0,7.77,Raclette-Fume_600600.jpg,cf9a3fba-4bf8-400c-8b9e-05a447970b26,2020-10-19,3.0
Brie de Brebis,Brebis,Molle à croûte fleurie,https://www.laboitedufromager.com/fromage/brie-de-brebis/,"Le Brie de Brebis est un fromage au lait pasteurisé de Brebis, à pâte molle et à croûte fleurie recouvert d’un léger duvet blanc. Prix au Kilo : 22 € (Soit 5,50 € les 250g)",1.0,1.0,5.5,Brie-de-Brebis_JLM_600600.jpg,d65793f0-0b78-4954-92d6-0ee3b123ba81,2020-05-11,3.0
Brie de Brebis,Brebis,Molle à croûte fleurie,https://www.laboitedufromager.com/fromage/brie-de-brebis/,"Le Brie de Brebis est un fromage au lait pasteurisé de Brebis, à pâte molle et à croûte fleurie recouvert d’un léger duvet blanc. Prix au Kilo : 22 € (Soit 5,50 € les 250g)",1.0,1.0,5.5,Brie-de-Brebis_JLM_600600.jpg,9675d37b-ddff-4978-af07-c2f0f907fd8d,2020-10-27,4.0
Brie de Brebis,Brebis,Molle à croûte fleurie,https://www.laboitedufromager.com/fromage/brie-de-brebis/,"Le Brie de Brebis est un fromage au lait pasteurisé de Brebis, à pâte molle et à croûte fleurie recouvert d’un léger duvet blanc. Prix au Kilo : 22 € (Soit 5,50 € les 250g)",1.0,1.0,5.5,Brie-de-Brebis_JLM_600600.jpg,82a7682a-6f1f-4bee-8085-2aca6e644204,2021-08-10,4.0
Brie de Chèvre,Chèvre,Molle à croûte fleurie,https://www.laboitedufromager.com/fromage/brie-de-chevre/,"Le Brie de Chèvre est un fromage au lait cru de chèvre, à pâte molle et à croûte fleurie recouvert d’un léger duvet blanc. Prix au Kilo : 32,50 € (Soit 6,50 € les 200g)",5.0,1.0,6.5,Mini-gatinais_600600.jpg,c0b2e8fe-eb25-466c-aaee-56541465dcb8,2021-07-01,3.0
Brie de Chèvre,Chèvre,Molle à croûte fleurie,https://www.laboitedufromager.com/fromage/brie-de-chevre/,"Le Brie de Chèvre est un fromage au lait cru de chèvre, à pâte molle et à croûte fleurie recouvert d’un léger duvet blanc. Prix au Kilo : 32,50 € (Soit 6,50 € les 200g)",5.0,1.0,6.5,Mini-gatinais_600600.jpg,df866670-deb1-4996-aa06-d6fd73cc4ff9,2021-08-29,3.0
Brie de Chèvre,Chèvre,Molle à croûte fleurie,https://www.laboitedufromager.com/fromage/brie-de-chevre/,"Le Brie de Chèvre est un fromage au lait cru de chèvre, à pâte molle et à croûte fleurie recouvert d’un léger duvet blanc. Prix au Kilo : 32,50 € (Soit 6,50 € les 200g)",5.0,1.0,6.5,Mini-gatinais_600600.jpg,0b0abc00-9b92-4087-93ae-c6b877a9c1de,2021-10-18,5.0
Brie de Meaux AOP,Vache,Molle à croûte fleurie,https://www.laboitedufromager.com/fromage/brie-de-meaux/,"Le Brie de Meaux est un fromage au lait cru de vache, à pâte molle et à croûte fleurie d’un léger duvet blanc, dont la teneur en matière grasse sur produit fini est de 21 %. Il se présente sous la forme d’un cylindre plat (35 à 37 cm de diamètre, 2,5 cm d’épaisseur) et pèse 2,6 kg environ, vendu non emballé sur paillon. Prix au kilo : 31€/Kg (soit 7,75 € les 250g)",4.85,13.0,7.75,brie-de-meaux_600600.jpg,9317f16a-e63d-4b2f-b59d-53afd638b707,2021-01-10,3.0
Brie de Meaux AOP,Vache,Molle à croûte fleurie,https://www.laboitedufromager.com/fromage/brie-de-meaux/,"Le Brie de Meaux est un fromage au lait cru de vache, à pâte molle et à croûte fleurie d’un léger duvet blanc, dont la teneur en matière grasse sur produit fini est de 21 %. Il se présente sous la forme d’un cylindre plat (35 à 37 cm de diamètre, 2,5 cm d’épaisseur) et pèse 2,6 kg environ, vendu non emballé sur paillon. Prix au kilo : 31€/Kg (soit 7,75 € les 250g)",4.85,13.0,7.75,brie-de-meaux_600600.jpg,c1ec8bf5-7807-4a88-b541-4f710515d0d3,2020-10-27,3.0
Brie de Meaux AOP,Vache,Molle à croûte fleurie,https://www.laboitedufromager.com/fromage/brie-de-meaux/,"Le Brie de Meaux est un fromage au lait cru de vache, à pâte molle et à croûte fleurie d’un léger duvet blanc, dont la teneur en matière grasse sur produit fini est de 21 %. Il se présente sous la forme d’un cylindre plat (35 à 37 cm de diamètre, 2,5 cm d’épaisseur) et pèse 2,6 kg environ, vendu non emballé sur paillon. Prix au kilo : 31€/Kg (soit 7,75 € les 250g)",4.85,13.0,7.75,brie-de-meaux_600600.jpg,dcf5c4a6-fffe-4a8e-9a81-24aa2ebbc5d6,2020-11-13,4.0
Brie de Meaux AOP,Vache,Molle à croûte fleurie,https://www.laboitedufromager.com/fromage/brie-de-meaux/,"Le Brie de Meaux est un fromage au lait cru de vache, à pâte molle et à croûte fleurie d’un léger duvet blanc, dont la teneur en matière grasse sur produit fini est de 21 %. Il se présente sous la forme d’un cylindre plat (35 à 37 cm de diamètre, 2,5 cm d’épaisseur) et pèse 2,6 kg environ, vendu non emballé sur paillon. Prix au kilo : 31€/Kg (soit 7,75 € les 250g)",4.85,13.0,7.75,brie-de-meaux_600600.jpg,32223d46-766e-4e43-88ee-ea5f26df9a09,2020-03-28,1.0
Brie de Meaux AOP,Vache,Molle à croûte fleurie,https://www.laboitedufromager.com/fromage/brie-de-meaux/,"Le Brie de Meaux est un fromage au lait cru de vache, à pâte molle et à croûte fleurie d’un léger duvet blanc, dont la teneur en matière grasse sur produit fini est de 21 %. Il se présente sous la forme d’un cylindre plat (35 à 37 cm de diamètre, 2,5 cm d’épaisseur) et pèse 2,6 kg environ, vendu non emballé sur paillon. Prix au kilo : 31€/Kg (soit 7,75 € les 250g)",4.85,13.0,7.75,brie-de-meaux_600600.jpg,59e63e68-9d18-4e61-b295-d831d3225bf1,2021-11-29,3.0
Brie de Meaux AOP,Vache,Molle à croûte fleurie,https://www.laboitedufromager.com/fromage/brie-de-meaux/,"Le Brie de Meaux est un fromage au lait cru de vache, à pâte molle et à croûte fleurie d’un léger duvet blanc, dont la teneur en matière grasse sur produit fini est de 21 %. Il se présente sous la forme d’un cylindre plat (35 à 37 cm de diamètre, 2,5 cm d’épaisseur) et pèse 2,6 kg environ, vendu non emballé sur paillon. Prix au kilo : 31€/Kg (soit 7,75 € les 250g)",4.85,13.0,7.75,brie-de-meaux_600600.jpg,030444cf-5d27-40ea-90e7-82c8c6c2aec3,2021-10-18,3.0
Brie de Meaux AOP,Vache,Molle à croûte fleurie,https://www.laboitedufromager.com/fromage/brie-de-meaux/,"Le Brie de Meaux est un fromage au lait cru de vache, à pâte molle et à croûte fleurie d’un léger duvet blanc, dont la teneur en matière grasse sur produit fini est de 21 %. Il se présente sous la forme d’un cylindre plat (35 à 37 cm de diamètre, 2,5 cm d’épaisseur) et pèse 2,6 kg environ, vendu non emballé sur paillon. Prix au kilo : 31€/Kg (soit 7,75 € les 250g)",4.85,13.0,7.75,brie-de-meaux_600600.jpg,b3ba9d2c-25d0-4e5a-a192-6417eff0ac88,2021-04-05,4.0
Brie de Melun AOP,Vache,Molle à croûte fleurie,https://www.laboitedufromager.com/fromage/brie-de-melun/,"Le Brie de Melun est un fromage au lait cru de vache, à pâte molle, à la croûte fleurie, dont la teneur en matière grasse sur produit fini est de minimum 22 %. Il se présente sous la forme d’un cylindre plat d’environ 27 cm de diamètre, 4 cm d’épaisseur et pèse environ 1,3 kg. Ses moisissures superficielles lui procurent un goût d’amertume légèrement salé et une forte odeur de fermentation. D’ailleurs, c’est un fromage aux arômes riches et complexes. Contrairement à son cousin le Brie de Meaux, le Brie de Melun est plus petit et plus coloré. Par ailleurs, il peut être fabriqué sous une autre forme appelée « Vieux-Brie ». Ce produit est plus sec, de couleur brune, à la saveur très marquée et révèle un goût de paille à la dégustation. Le Brie de Melun bénéficie d’une AOP et est fabriqué dans des petites laiteries depuis 1980. Prix au Kilo : 34€/Kg (Soit 8,50 € les 250g)",3.83,12.0,8.5,Brie-Melun_2-2_600600.jpg,455f9c7a-e8cd-4bc9-a5dd-6fc2704d09ac,2020-02-09,2.0
Brie de Melun AOP,Vache,Molle à croûte fleurie,https://www.laboitedufromager.com/fromage/brie-de-melun/,"Le Brie de Melun est un fromage au lait cru de vache, à pâte molle, à la croûte fleurie, dont la teneur en matière grasse sur produit fini est de minimum 22 %. Il se présente sous la forme d’un cylindre plat d’environ 27 cm de diamètre, 4 cm d’épaisseur et pèse environ 1,3 kg. Ses moisissures superficielles lui procurent un goût d’amertume légèrement salé et une forte odeur de fermentation. D’ailleurs, c’est un fromage aux arômes riches et complexes. Contrairement à son cousin le Brie de Meaux, le Brie de Melun est plus petit et plus coloré. Par ailleurs, il peut être fabriqué sous une autre forme appelée « Vieux-Brie ». Ce produit est plus sec, de couleur brune, à la saveur très marquée et révèle un goût de paille à la dégustation. Le Brie de Melun bénéficie d’une AOP et est fabriqué dans des petites laiteries depuis 1980. Prix au Kilo : 34€/Kg (Soit 8,50 € les 250g)",3.83,12.0,8.5,Brie-Melun_2-2_600600.jpg,982054c2-ea31-43e0-bbd5-219f0b8d9c62,2020-01-11,4.0
Brie de Melun AOP,Vache,Molle à croûte fleurie,https://www.laboitedufromager.com/fromage/brie-de-melun/,"Le Brie de Melun est un fromage au lait cru de vache, à pâte molle, à la croûte fleurie, dont la teneur en matière grasse sur produit fini est de minimum 22 %. Il se présente sous la forme d’un cylindre plat d’environ 27 cm de diamètre, 4 cm d’épaisseur et pèse environ 1,3 kg. Ses moisissures superficielles lui procurent un goût d’amertume légèrement salé et une forte odeur de fermentation. D’ailleurs, c’est un fromage aux arômes riches et complexes. Contrairement à son cousin le Brie de Meaux, le Brie de Melun est plus petit et plus coloré. Par ailleurs, il peut être fabriqué sous une autre forme appelée « Vieux-Brie ». Ce produit est plus sec, de couleur brune, à la saveur très marquée et révèle un goût de paille à la dégustation. Le Brie de Melun bénéficie d’une AOP et est fabriqué dans des petites laiteries depuis 1980. Prix au Kilo : 34€/Kg (Soit 8,50 € les 250g)",3.83,12.0,8.5,Brie-Melun_2-2_600600.jpg,5ba6080c-880e-4e50-a5f9-03247d501461,2020-03-06,1.0
Brie de Melun AOP,Vache,Molle à croûte fleurie,https://www.laboitedufromager.com/fromage/brie-de-melun/,"Le Brie de Melun est un fromage au lait cru de vache, à pâte molle, à la croûte fleurie, dont la teneur en matière grasse sur produit fini est de minimum 22 %. Il se présente sous la forme d’un cylindre plat d’environ 27 cm de diamètre, 4 cm d’épaisseur et pèse environ 1,3 kg. Ses moisissures superficielles lui procurent un goût d’amertume légèrement salé et une forte odeur de fermentation. D’ailleurs, c’est un fromage aux arômes riches et complexes. Contrairement à son cousin le Brie de Meaux, le Brie de Melun est plus petit et plus coloré. Par ailleurs, il peut être fabriqué sous une autre forme appelée « Vieux-Brie ». Ce produit est plus sec, de couleur brune, à la saveur très marquée et révèle un goût de paille à la dégustation. Le Brie de Melun bénéficie d’une AOP et est fabriqué dans des petites laiteries depuis 1980. Prix au Kilo : 34€/Kg (Soit 8,50 € les 250g)",3.83,12.0,8.5,Brie-Melun_2-2_600600.jpg,37df4934-ff26-4be0-a4a3-60711b59f98e,2021-11-18,4.0
Brie de Melun AOP,Vache,Molle à croûte fleurie,https://www.laboitedufromager.com/fromage/brie-de-melun/,"Le Brie de Melun est un fromage au lait cru de vache, à pâte molle, à la croûte fleurie, dont la teneur en matière grasse sur produit fini est de minimum 22 %. Il se présente sous la forme d’un cylindre plat d’environ 27 cm de diamètre, 4 cm d’épaisseur et pèse environ 1,3 kg. Ses moisissures superficielles lui procurent un goût d’amertume légèrement salé et une forte odeur de fermentation. D’ailleurs, c’est un fromage aux arômes riches et complexes. Contrairement à son cousin le Brie de Meaux, le Brie de Melun est plus petit et plus coloré. Par ailleurs, il peut être fabriqué sous une autre forme appelée « Vieux-Brie ». Ce produit est plus sec, de couleur brune, à la saveur très marquée et révèle un goût de paille à la dégustation. Le Brie de Melun bénéficie d’une AOP et est fabriqué dans des petites laiteries depuis 1980. Prix au Kilo : 34€/Kg (Soit 8,50 € les 250g)",3.83,12.0,8.5,Brie-Melun_2-2_600600.jpg,887bd2c9-d2e7-4791-a560-03495acb6857,2021-03-24,5.0
Brie de Melun AOP,Vache,Molle à croûte fleurie,https://www.laboitedufromager.com/fromage/brie-de-melun/,"Le Brie de Melun est un fromage au lait cru de vache, à pâte molle, à la croûte fleurie, dont la teneur en matière grasse sur produit fini est de minimum 22 %. Il se présente sous la forme d’un cylindre plat d’environ 27 cm de diamètre, 4 cm d’épaisseur et pèse environ 1,3 kg. Ses moisissures superficielles lui procurent un goût d’amertume légèrement salé et une forte odeur de fermentation. D’ailleurs, c’est un fromage aux arômes riches et complexes. Contrairement à son cousin le Brie de Meaux, le Brie de Melun est plus petit et plus coloré. Par ailleurs, il peut être fabriqué sous une autre forme appelée « Vieux-Brie ». Ce produit est plus sec, de couleur brune, à la saveur très marquée et révèle un goût de paille à la dégustation. Le Brie de Melun bénéficie d’une AOP et est fabriqué dans des petites laiteries depuis 1980. Prix au Kilo : 34€/Kg (Soit 8,50 € les 250g)",3.83,12.0,8.5,Brie-Melun_2-2_600600.jpg,703634d8-f662-42c8-8d10-9e0a327a6ee1,2021-08-31,5.0
Brie de Melun AOP,Vache,Molle à croûte fleurie,https://www.laboitedufromager.com/fromage/brie-de-melun/,"Le Brie de Melun est un fromage au lait cru de vache, à pâte molle, à la croûte fleurie, dont la teneur en matière grasse sur produit fini est de minimum 22 %. Il se présente sous la forme d’un cylindre plat d’environ 27 cm de diamètre, 4 cm d’épaisseur et pèse environ 1,3 kg. Ses moisissures superficielles lui procurent un goût d’amertume légèrement salé et une forte odeur de fermentation. D’ailleurs, c’est un fromage aux arômes riches et complexes. Contrairement à son cousin le Brie de Meaux, le Brie de Melun est plus petit et plus coloré. Par ailleurs, il peut être fabriqué sous une autre forme appelée « Vieux-Brie ». Ce produit est plus sec, de couleur brune, à la saveur très marquée et révèle un goût de paille à la dégustation. Le Brie de Melun bénéficie d’une AOP et est fabriqué dans des petites laiteries depuis 1980. Prix au Kilo : 34€/Kg (Soit 8,50 € les 250g)",3.83,12.0,8.5,Brie-Melun_2-2_600600.jpg,bdde876e-1be5-4bf5-ba23-f1b33a5291a2,2021-11-19,3.0
Brie de Melun AOP,Vache,Molle à croûte fleurie,https://www.laboitedufromager.com/fromage/brie-de-melun/,"Le Brie de Melun est un fromage au lait cru de vache, à pâte molle, à la croûte fleurie, dont la teneur en matière grasse sur produit fini est de minimum 22 %. Il se présente sous la forme d’un cylindre plat d’environ 27 cm de diamètre, 4 cm d’épaisseur et pèse environ 1,3 kg. Ses moisissures superficielles lui procurent un goût d’amertume légèrement salé et une forte odeur de fermentation. D’ailleurs, c’est un fromage aux arômes riches et complexes. Contrairement à son cousin le Brie de Meaux, le Brie de Melun est plus petit et plus coloré. Par ailleurs, il peut être fabriqué sous une autre forme appelée « Vieux-Brie ». Ce produit est plus sec, de couleur brune, à la saveur très marquée et révèle un goût de paille à la dégustation. Le Brie de Melun bénéficie d’une AOP et est fabriqué dans des petites laiteries depuis 1980. Prix au Kilo : 34€/Kg (Soit 8,50 € les 250g)",3.83,12.0,8.5,Brie-Melun_2-2_600600.jpg,fd5e85ee-11ae-486a-ad3a-4ff054f588cd,2020-09-22,1.0
Brie de Nangis,Vache,Molle à croûte fleurie,https://www.laboitedufromager.com/fromage/brie-de-nangis/,"Le Brie de Nangis appartient à la famille des Bries à l’instar du Brie de Melun AOP et du Brie de Meaux AOP. Il se définit comme un fromage au lait cru de vache, à pâte molle et à croûte fleurie. De la forme d’un disque de diamètre d’environ 22 cm, il pèse à peu près 1 kg. Ce fromage produit essentiellement en Seine-et-Marne est recouvert d’un duvet blanc. Coupé et prêt à déguster, le Brie de Nangis laisse apparaitre une pâte jaune coulante et grumeleuse. Il dégage une agréable odeur de champignon qui met l’eau à la bouche. Au niveau gustatif, le Brie de Nangis se rapproche du Brie de Meaux AOP. Toutefois, le premier offre des saveurs plus équilibrées, sans amertume et dégage de légers arômes de sous-bois. Il gagne en saveur et intensité selon la durée de son affinage. Prix au Kilo : 18 € (Soit 4,50 € les 250g)",4.78,9.0,4.5,Brie-de-Nangis_1_4-1_OK_600600.jpg,38426e0d-16b7-4f4b-a513-242730ebd6d9,2021-05-06,4.0
Brie de Nangis,Vache,Molle à croûte fleurie,https://www.laboitedufromager.com/fromage/brie-de-nangis/,"Le Brie de Nangis appartient à la famille des Bries à l’instar du Brie de Melun AOP et du Brie de Meaux AOP. Il se définit comme un fromage au lait cru de vache, à pâte molle et à croûte fleurie. De la forme d’un disque de diamètre d’environ 22 cm, il pèse à peu près 1 kg. Ce fromage produit essentiellement en Seine-et-Marne est recouvert d’un duvet blanc. Coupé et prêt à déguster, le Brie de Nangis laisse apparaitre une pâte jaune coulante et grumeleuse. Il dégage une agréable odeur de champignon qui met l’eau à la bouche. Au niveau gustatif, le Brie de Nangis se rapproche du Brie de Meaux AOP. Toutefois, le premier offre des saveurs plus équilibrées, sans amertume et dégage de légers arômes de sous-bois. Il gagne en saveur et intensité selon la durée de son affinage. Prix au Kilo : 18 € (Soit 4,50 € les 250g)",4.78,9.0,4.5,Brie-de-Nangis_1_4-1_OK_600600.jpg,f577e31d-982a-46a6-946e-d74494ad82e5,2021-09-20,2.0
Brillat-Savarin AOP,Vache,Molle à croûte fleurie,https://www.laboitedufromager.com/fromage/brillat-savarin/,"Le Brillat-Savarin est un fromage triple-crème, doux au palais, qui se mange jeune et bien frais. Il est produit dans les régions de Normandie et de Bourgogne avec du lait de vache cru ou pasteurisé. Ce produit laitier comporte au minimum 30 % de matière grasse sur le produit fini. Il appartient à la famille des fromages à pâte molle à croûte fleurie. Le Brillat-Savarin fait un poids moyen de 500 grammes, qui se présente sous la forme d’un disque plat d’environ 13 cm de diamètre et 3,5 cm d’épaisseur, à talons droits, voire un peu concaves. La couleur de sa croûte varie de blanc à ivoire et est couverte d’un duvet blanc épais, doux et lisse. Lorsque le Brillat-Savarin est plus affiné, le duvet peut présenter des petits points orangés. Sa période de dégustation optimale s’étale d’avril à octobre après un affinage de 12 jours, mais il est aussi excellent de mars à décembre. Prix à la pièce de 200g : 8,50 €",4.67,15.0,8.5,Brillat-savarin_1_600600.jpg,a83b0b9e-8592-4b51-be60-459de042af14,2021-08-01,3.0
Brillat-Savarin AOP,Vache,Molle à croûte fleurie,https://www.laboitedufromager.com/fromage/brillat-savarin/,"Le Brillat-Savarin est un fromage triple-crème, doux au palais, qui se mange jeune et bien frais. Il est produit dans les régions de Normandie et de Bourgogne avec du lait de vache cru ou pasteurisé. Ce produit laitier comporte au minimum 30 % de matière grasse sur le produit fini. Il appartient à la famille des fromages à pâte molle à croûte fleurie. Le Brillat-Savarin fait un poids moyen de 500 grammes, qui se présente sous la forme d’un disque plat d’environ 13 cm de diamètre et 3,5 cm d’épaisseur, à talons droits, voire un peu concaves. La couleur de sa croûte varie de blanc à ivoire et est couverte d’un duvet blanc épais, doux et lisse. Lorsque le Brillat-Savarin est plus affiné, le duvet peut présenter des petits points orangés. Sa période de dégustation optimale s’étale d’avril à octobre après un affinage de 12 jours, mais il est aussi excellent de mars à décembre. Prix à la pièce de 200g : 8,50 €",4.67,15.0,8.5,Brillat-savarin_1_600600.jpg,0457c766-9bb2-4bc8-b1e4-65abd8b1bee9,2021-04-04,5.0
Brillat-Savarin AOP,Vache,Molle à croûte fleurie,https://www.laboitedufromager.com/fromage/brillat-savarin/,"Le Brillat-Savarin est un fromage triple-crème, doux au palais, qui se mange jeune et bien frais. Il est produit dans les régions de Normandie et de Bourgogne avec du lait de vache cru ou pasteurisé. Ce produit laitier comporte au minimum 30 % de matière grasse sur le produit fini. Il appartient à la famille des fromages à pâte molle à croûte fleurie. Le Brillat-Savarin fait un poids moyen de 500 grammes, qui se présente sous la forme d’un disque plat d’environ 13 cm de diamètre et 3,5 cm d’épaisseur, à talons droits, voire un peu concaves. La couleur de sa croûte varie de blanc à ivoire et est couverte d’un duvet blanc épais, doux et lisse. Lorsque le Brillat-Savarin est plus affiné, le duvet peut présenter des petits points orangés. Sa période de dégustation optimale s’étale d’avril à octobre après un affinage de 12 jours, mais il est aussi excellent de mars à décembre. Prix à la pièce de 200g : 8,50 €",4.67,15.0,8.5,Brillat-savarin_1_600600.jpg,8b5e167a-8a70-41ce-90b3-b9e85d7338e9,2020-01-13,3.0
Brillat-Savarin AOP,Vache,Molle à croûte fleurie,https://www.laboitedufromager.com/fromage/brillat-savarin/,"Le Brillat-Savarin est un fromage triple-crème, doux au palais, qui se mange jeune et bien frais. Il est produit dans les régions de Normandie et de Bourgogne avec du lait de vache cru ou pasteurisé. Ce produit laitier comporte au minimum 30 % de matière grasse sur le produit fini. Il appartient à la famille des fromages à pâte molle à croûte fleurie. Le Brillat-Savarin fait un poids moyen de 500 grammes, qui se présente sous la forme d’un disque plat d’environ 13 cm de diamètre et 3,5 cm d’épaisseur, à talons droits, voire un peu concaves. La couleur de sa croûte varie de blanc à ivoire et est couverte d’un duvet blanc épais, doux et lisse. Lorsque le Brillat-Savarin est plus affiné, le duvet peut présenter des petits points orangés. Sa période de dégustation optimale s’étale d’avril à octobre après un affinage de 12 jours, mais il est aussi excellent de mars à décembre. Prix à la pièce de 200g : 8,50 €",4.67,15.0,8.5,Brillat-savarin_1_600600.jpg,bfb877ba-481b-4274-8b17-3bc748d8fe05,2020-11-13,2.0
Brillat-Savarin AOP,Vache,Molle à croûte fleurie,https://www.laboitedufromager.com/fromage/brillat-savarin/,"Le Brillat-Savarin est un fromage triple-crème, doux au palais, qui se mange jeune et bien frais. Il est produit dans les régions de Normandie et de Bourgogne avec du lait de vache cru ou pasteurisé. Ce produit laitier comporte au minimum 30 % de matière grasse sur le produit fini. Il appartient à la famille des fromages à pâte molle à croûte fleurie. Le Brillat-Savarin fait un poids moyen de 500 grammes, qui se présente sous la forme d’un disque plat d’environ 13 cm de diamètre et 3,5 cm d’épaisseur, à talons droits, voire un peu concaves. La couleur de sa croûte varie de blanc à ivoire et est couverte d’un duvet blanc épais, doux et lisse. Lorsque le Brillat-Savarin est plus affiné, le duvet peut présenter des petits points orangés. Sa période de dégustation optimale s’étale d’avril à octobre après un affinage de 12 jours, mais il est aussi excellent de mars à décembre. Prix à la pièce de 200g : 8,50 €",4.67,15.0,8.5,Brillat-savarin_1_600600.jpg,8b482e0b-941b-43ea-8cc5-57eb23a4b63f,2021-12-21,2.0
Brillat-Savarin AOP,Vache,Molle à croûte fleurie,https://www.laboitedufromager.com/fromage/brillat-savarin/,"Le Brillat-Savarin est un fromage triple-crème, doux au palais, qui se mange jeune et bien frais. Il est produit dans les régions de Normandie et de Bourgogne avec du lait de vache cru ou pasteurisé. Ce produit laitier comporte au minimum 30 % de matière grasse sur le produit fini. Il appartient à la famille des fromages à pâte molle à croûte fleurie. Le Brillat-Savarin fait un poids moyen de 500 grammes, qui se présente sous la forme d’un disque plat d’environ 13 cm de diamètre et 3,5 cm d’épaisseur, à talons droits, voire un peu concaves. La couleur de sa croûte varie de blanc à ivoire et est couverte d’un duvet blanc épais, doux et lisse. Lorsque le Brillat-Savarin est plus affiné, le duvet peut présenter des petits points orangés. Sa période de dégustation optimale s’étale d’avril à octobre après un affinage de 12 jours, mais il est aussi excellent de mars à décembre. Prix à la pièce de 200g : 8,50 €",4.67,15.0,8.5,Brillat-savarin_1_600600.jpg,0851fcd6-b3d8-43c8-bc41-31d6db517f96,2020-01-08,3.0
Brillat-Savarin Truffoné,Vache,Molle à croûte fleurie,https://www.laboitedufromager.com/fromage/brillat-savarin-truffone/,"Le brillat-savarin truffoné est un fromage à croûte fleurie triple-crème, fabriqué avec du lait cru de vache et fourré dé deux fines couches de truffonade (mélange de truffes d’été et de champignons). Sa période de dégustation optimale s’étale d’avril à octobre après un affinage de 12 jours, mais il est aussi excellent de mars à décembre. Prix au Quart : 6 €",5.0,1.0,6.0,Brillat-Savarin_Truffone_1_OK_600600.jpg,d6809875-babb-4e55-af03-b01410c5ed09,2020-03-16,4.0
Brillat-Savarin Truffoné,Vache,Molle à croûte fleurie,https://www.laboitedufromager.com/fromage/brillat-savarin-truffone/,"Le brillat-savarin truffoné est un fromage à croûte fleurie triple-crème, fabriqué avec du lait cru de vache et fourré dé deux fines couches de truffonade (mélange de truffes d’été et de champignons). Sa période de dégustation optimale s’étale d’avril à octobre après un affinage de 12 jours, mais il est aussi excellent de mars à décembre. Prix au Quart : 6 €",5.0,1.0,6.0,Brillat-Savarin_Truffone_1_OK_600600.jpg,cc860c78-e598-4f82-965e-6dbc738761bb,2021-06-23,4.0
Brillat-Savarin Truffoné,Vache,Molle à croûte fleurie,https://www.laboitedufromager.com/fromage/brillat-savarin-truffone/,"Le brillat-savarin truffoné est un fromage à croûte fleurie triple-crème, fabriqué avec du lait cru de vache et fourré dé deux fines couches de truffonade (mélange de truffes d’été et de champignons). Sa période de dégustation optimale s’étale d’avril à octobre après un affinage de 12 jours, mais il est aussi excellent de mars à décembre. Prix au Quart : 6 €",5.0,1.0,6.0,Brillat-Savarin_Truffone_1_OK_600600.jpg,7525cd93-f371-4964-a2ab-a3e504406249,2020-10-05,4.0
Brillat-Savarin Truffoné,Vache,Molle à croûte fleurie,https://www.laboitedufromager.com/fromage/brillat-savarin-truffone/,"Le brillat-savarin truffoné est un fromage à croûte fleurie triple-crème, fabriqué avec du lait cru de vache et fourré dé deux fines couches de truffonade (mélange de truffes d’été et de champignons). Sa période de dégustation optimale s’étale d’avril à octobre après un affinage de 12 jours, mais il est aussi excellent de mars à décembre. Prix au Quart : 6 €",5.0,1.0,6.0,Brillat-Savarin_Truffone_1_OK_600600.jpg,b0abfe32-d43b-460d-b6cb-cfec93954b80,2021-01-02,4.0
Brin d’Amour,Brebis,Molle à croûte naturelle,https://www.laboitedufromager.com/fromage/fleur-du-maquis-corse/,"La fleur du maquis Corse (ou Brin d’Amour) est un fromage fabriqué en Corse, près d’Aleria, à pâte molle à croûte naturelle recouverte d’herbes. Prix à la demi pièce de Fleur du Maquis ou au quart du Brin d’Amour : 8,50 € (soit environ 175g)",3.83,6.0,8.5,Brin-d-Amour_1_600600.jpg,100d28c3-64aa-45dc-a667-2954ffbb8cf9,2021-09-22,1.0
Brin d’Amour,Brebis,Molle à croûte naturelle,https://www.laboitedufromager.com/fromage/fleur-du-maquis-corse/,"La fleur du maquis Corse (ou Brin d’Amour) est un fromage fabriqué en Corse, près d’Aleria, à pâte molle à croûte naturelle recouverte d’herbes. Prix à la demi pièce de Fleur du Maquis ou au quart du Brin d’Amour : 8,50 € (soit environ 175g)",3.83,6.0,8.5,Brin-d-Amour_1_600600.jpg,6219a587-eba0-4574-9747-e11e19947396,2021-12-03,1.0
Brin d’Amour,Brebis,Molle à croûte naturelle,https://www.laboitedufromager.com/fromage/fleur-du-maquis-corse/,"La fleur du maquis Corse (ou Brin d’Amour) est un fromage fabriqué en Corse, près d’Aleria, à pâte molle à croûte naturelle recouverte d’herbes. Prix à la demi pièce de Fleur du Maquis ou au quart du Brin d’Amour : 8,50 € (soit environ 175g)",3.83,6.0,8.5,Brin-d-Amour_1_600600.jpg,f50d4409-fdb3-481e-8dc1-400c8eacb78f,2021-05-22,3.0
Brin d’Amour,Brebis,Molle à croûte naturelle,https://www.laboitedufromager.com/fromage/fleur-du-maquis-corse/,"La fleur du maquis Corse (ou Brin d’Amour) est un fromage fabriqué en Corse, près d’Aleria, à pâte molle à croûte naturelle recouverte d’herbes. Prix à la demi pièce de Fleur du Maquis ou au quart du Brin d’Amour : 8,50 € (soit environ 175g)",3.83,6.0,8.5,Brin-d-Amour_1_600600.jpg,6df4fb70-0ecd-4105-8154-2c83a5dfec19,2021-12-12,3.0
Brin d’Amour,Brebis,Molle à croûte naturelle,https://www.laboitedufromager.com/fromage/fleur-du-maquis-corse/,"La fleur du maquis Corse (ou Brin d’Amour) est un fromage fabriqué en Corse, près d’Aleria, à pâte molle à croûte naturelle recouverte d’herbes. Prix à la demi pièce de Fleur du Maquis ou au quart du Brin d’Amour : 8,50 € (soit environ 175g)",3.83,6.0,8.5,Brin-d-Amour_1_600600.jpg,307daaaa-c1c8-409e-b7cb-4f0c3a1f4572,2021-03-31,1.0
Brique de Brebis,Brebis,Molle à croûte naturelle,https://www.laboitedufromager.com/fromage/brique-de-brebis/,"La brique de brebis est un fromage fabriqué à partir de lait cru de brebis. Elle présente une pâte molle à croûte naturelle de couleur crème avec une texture lisse et une croûte naturelle qui s’épaissit avec le temps. À la dégustation, elle révèle une saveur douce et légèrement salée. Son goût onctueux s’accompagne essentiellement d’arômes de brebis, de noisette et de lait chaud. Ce produit est composé de 28 % de matières grasses. Il prend la forme d’une brique plate qui pèse 200 g et mesure environ 15 cm de long sur 7 cm de large. Par ailleurs, la brique de brebis est composée de 28 % de matières grasses. Selon la saison, ses valeurs nutritionnelles peuvent évoluer. Quoi qu’il en soit, le temps d’affinage de ce fromage de la famille des « briques » dure une dizaine de jours.",4.1,20.0,8.5,brique-de-brebis.jpg,f636d40c-28f8-4393-9f19-d48c0271b17b,2021-12-03,4.0
Brique de Brebis,Brebis,Molle à croûte naturelle,https://www.laboitedufromager.com/fromage/brique-de-brebis/,"La brique de brebis est un fromage fabriqué à partir de lait cru de brebis. Elle présente une pâte molle à croûte naturelle de couleur crème avec une texture lisse et une croûte naturelle qui s’épaissit avec le temps. À la dégustation, elle révèle une saveur douce et légèrement salée. Son goût onctueux s’accompagne essentiellement d’arômes de brebis, de noisette et de lait chaud. Ce produit est composé de 28 % de matières grasses. Il prend la forme d’une brique plate qui pèse 200 g et mesure environ 15 cm de long sur 7 cm de large. Par ailleurs, la brique de brebis est composée de 28 % de matières grasses. Selon la saison, ses valeurs nutritionnelles peuvent évoluer. Quoi qu’il en soit, le temps d’affinage de ce fromage de la famille des « briques » dure une dizaine de jours.",4.1,20.0,8.5,brique-de-brebis.jpg,37f2318a-a38e-47ec-af93-9d9067fe51c3,2021-09-27,3.0
Briquette,Vache,Molle à croûte fleurie,https://www.laboitedufromager.com/fromage/briquette/,"La Briquette du Lot et Garonne est un fromage au lait entier de chèvre. Prix à la Pièce : 6,90 €",4.36,14.0,6.9,Briquette_LG_4-600600.jpg,8b35deb7-827b-4417-9e46-d0fbcbc7a324,2021-02-03,3.0
Briquette,Vache,Molle à croûte fleurie,https://www.laboitedufromager.com/fromage/briquette/,"La Briquette du Lot et Garonne est un fromage au lait entier de chèvre. Prix à la Pièce : 6,90 €",4.36,14.0,6.9,Briquette_LG_4-600600.jpg,07561548-e6b4-4e4b-bb93-aa6de6a05ffe,2021-04-02,4.0
Briquette,Vache,Molle à croûte fleurie,https://www.laboitedufromager.com/fromage/briquette/,"La Briquette du Lot et Garonne est un fromage au lait entier de chèvre. Prix à la Pièce : 6,90 €",4.36,14.0,6.9,Briquette_LG_4-600600.jpg,0ed286e4-ae8f-4855-86a8-1055f9ee3938,2021-03-16,1.0
Briquette,Vache,Molle à croûte fleurie,https://www.laboitedufromager.com/fromage/briquette/,"La Briquette du Lot et Garonne est un fromage au lait entier de chèvre. Prix à la Pièce : 6,90 €",4.36,14.0,6.9,Briquette_LG_4-600600.jpg,47838d6a-fb22-4856-9ff9-995b3ab9f893,2020-06-07,1.0
Briquette,Vache,Molle à croûte fleurie,https://www.laboitedufromager.com/fromage/briquette/,"La Briquette du Lot et Garonne est un fromage au lait entier de chèvre. Prix à la Pièce : 6,90 €",4.36,14.0,6.9,Briquette_LG_4-600600.jpg,af595f8b-3efe-4d04-8d4a-a75f64fa1875,2020-03-09,3.0
Briquette aux épices,Chèvre,Molle à croûte naturelle,https://www.laboitedufromager.com/fromage/briquette-aux-epices/,"Faisant partie des fromages de la famille des pâtes molles à croûte naturelle, la briquette aux épices se reconnaît à sa forme parallélépipédique Ce fromage au lait cru de chèvre a des saveurs et des arômes propres aux fromages fermiers. À l’œil, elle présente une pâte molle avec un cœur fondant. À la bouche, elle révèle un goût doux et fruité, relevé par des notes d’épices. Avec sa texture onctueuse et crémeuse et son goût relevé, la briquette épicée fait sensation dans un plateau de fromages. Prix à la Pièce : 7,10 €",3.33,6.0,7.1,briquette-aux-epices_1jl_600600.jpg,ccb84d40-ef7f-4b1d-a915-22eb37dd2408,2021-10-01,3.0
Briquette aux épices,Chèvre,Molle à croûte naturelle,https://www.laboitedufromager.com/fromage/briquette-aux-epices/,"Faisant partie des fromages de la famille des pâtes molles à croûte naturelle, la briquette aux épices se reconnaît à sa forme parallélépipédique Ce fromage au lait cru de chèvre a des saveurs et des arômes propres aux fromages fermiers. À l’œil, elle présente une pâte molle avec un cœur fondant. À la bouche, elle révèle un goût doux et fruité, relevé par des notes d’épices. Avec sa texture onctueuse et crémeuse et son goût relevé, la briquette épicée fait sensation dans un plateau de fromages. Prix à la Pièce : 7,10 €",3.33,6.0,7.1,briquette-aux-epices_1jl_600600.jpg,b61c3ca5-4691-46e8-8fc2-549524437089,2021-07-01,3.0
Briquette aux épices,Chèvre,Molle à croûte naturelle,https://www.laboitedufromager.com/fromage/briquette-aux-epices/,"Faisant partie des fromages de la famille des pâtes molles à croûte naturelle, la briquette aux épices se reconnaît à sa forme parallélépipédique Ce fromage au lait cru de chèvre a des saveurs et des arômes propres aux fromages fermiers. À l’œil, elle présente une pâte molle avec un cœur fondant. À la bouche, elle révèle un goût doux et fruité, relevé par des notes d’épices. Avec sa texture onctueuse et crémeuse et son goût relevé, la briquette épicée fait sensation dans un plateau de fromages. Prix à la Pièce : 7,10 €",3.33,6.0,7.1,briquette-aux-epices_1jl_600600.jpg,a067eb36-6577-41db-86b8-89a3b8adb960,2020-11-09,5.0
Briquette de brebis,Brebis,Molle à croûte naturelle,https://www.laboitedufromager.com/fromage/briquette-de-brebis/,"La Briquette de Brebis est un fromage au lait cru de Brebis, en forme de rectangle. Sa pâte blanche est recouverte d’une croûte naturelle, fine et fleurie. Prix à la Pièce : 8,50 €",2.4,5.0,8.5,Briquette_Brebis_3_OK_600600.jpg,d64b123e-5e52-4d50-9dc9-229eae4fdf30,2021-07-30,3.0
Briquette de brebis,Brebis,Molle à croûte naturelle,https://www.laboitedufromager.com/fromage/briquette-de-brebis/,"La Briquette de Brebis est un fromage au lait cru de Brebis, en forme de rectangle. Sa pâte blanche est recouverte d’une croûte naturelle, fine et fleurie. Prix à la Pièce : 8,50 €",2.4,5.0,8.5,Briquette_Brebis_3_OK_600600.jpg,520d3243-ec84-4fb7-8c51-76d06fe9c1ad,2020-08-04,4.0
Briquette de Cocumont,Chèvre,Molle à croûte naturelle,https://www.laboitedufromager.com/fromage/briquette-fermiere-de-cocumont/,La Briquette Fermière de Cocumont est un petit fromage au lait entier de chèvre. Prix à la Pièce : 7 €,NULL,NULL,7.0,Briquette-de-Cocumont_2-OK-JL_600600.jpg,bbff4cf5-3682-4626-ae01-4135d33db348,2020-03-16,3.0
Briquette de Cocumont,Chèvre,Molle à croûte naturelle,https://www.laboitedufromager.com/fromage/briquette-fermiere-de-cocumont/,La Briquette Fermière de Cocumont est un petit fromage au lait entier de chèvre. Prix à la Pièce : 7 €,NULL,NULL,7.0,Briquette-de-Cocumont_2-OK-JL_600600.jpg,0664679f-b54c-4af4-a9b5-766645a397b6,2021-09-13,3.0
Briquette du Cantal,Chèvre,Molle à croûte naturelle,https://www.laboitedufromager.com/fromage/briquette-du-cantal/,"La Briquette du Cantal est un fromage au lait entier de chèvre. Sa pâte blanche est recouverte d’une croûte naturelle, fine et fleurie. N’hésitez pas à aller rendre visite à Elisabeth et Patrick MAURY,à leur fromagerie, afin de découvrir toute leur gamme : Elgines – 15170 JOURSAC. Prix à la Pièce : 7,80 €",4.4,5.0,7.8,Briquette-du-Cantal-Maury_2_600600.jpg,70982cbb-f465-4f93-a690-9a3df864ef1f,2021-11-30,4.0
Briquette du Cantal,Chèvre,Molle à croûte naturelle,https://www.laboitedufromager.com/fromage/briquette-du-cantal/,"La Briquette du Cantal est un fromage au lait entier de chèvre. Sa pâte blanche est recouverte d’une croûte naturelle, fine et fleurie. N’hésitez pas à aller rendre visite à Elisabeth et Patrick MAURY,à leur fromagerie, afin de découvrir toute leur gamme : Elgines – 15170 JOURSAC. Prix à la Pièce : 7,80 €",4.4,5.0,7.8,Briquette-du-Cantal-Maury_2_600600.jpg,a955ea33-54df-409c-aafc-fd7ae599c5db,2020-08-13,3.0
Briquette du Cantal,Chèvre,Molle à croûte naturelle,https://www.laboitedufromager.com/fromage/briquette-du-cantal/,"La Briquette du Cantal est un fromage au lait entier de chèvre. Sa pâte blanche est recouverte d’une croûte naturelle, fine et fleurie. N’hésitez pas à aller rendre visite à Elisabeth et Patrick MAURY,à leur fromagerie, afin de découvrir toute leur gamme : Elgines – 15170 JOURSAC. Prix à la Pièce : 7,80 €",4.4,5.0,7.8,Briquette-du-Cantal-Maury_2_600600.jpg,dd33b789-1379-425f-b264-6e850337667e,2021-01-17,2.0
Briquette du Nord – Domino,Chèvre,Molle à croûte naturelle,https://www.laboitedufromager.com/fromage/briquette-domino/,La Briquette du Nord Domino est un fromage au lait cru de chèvre. Prix à la Pièce : 6 €,3.0,1.0,6.0,Briquette-du-Nord-Domino_600600.jpg,8d7042ff-eb78-49ff-9895-82df230f342d,2021-04-26,5.0
Briquette du Nord – Domino,Chèvre,Molle à croûte naturelle,https://www.laboitedufromager.com/fromage/briquette-domino/,La Briquette du Nord Domino est un fromage au lait cru de chèvre. Prix à la Pièce : 6 €,3.0,1.0,6.0,Briquette-du-Nord-Domino_600600.jpg,da39821c-34c8-47bc-96d4-ef85e7e678d5,2020-01-07,1.0
Briquette du Nord – Domino,Chèvre,Molle à croûte naturelle,https://www.laboitedufromager.com/fromage/briquette-domino/,La Briquette du Nord Domino est un fromage au lait cru de chèvre. Prix à la Pièce : 6 €,3.0,1.0,6.0,Briquette-du-Nord-Domino_600600.jpg,f1e2ac1f-44eb-4359-9f4c-e1b3d3130d0f,2021-01-20,3.0
Brousse de Brebis,Brebis,Pâte filée,https://www.laboitedufromager.com/fromage/brousse-de-brebis/,"La brousse est une spécialité fromagère fraiche, qui peut aussi bien être utilisé dans des préparations culinaires salées que sucrées. Fromage de 250g. Prix à la pièce : 6 €",2.0,2.0,6.0,Brousse_600600.jpg,3e2cc679-f42a-4a5e-9c35-4eaba9c7d6d1,2020-08-14,1.0
Brousse de Brebis,Brebis,Pâte filée,https://www.laboitedufromager.com/fromage/brousse-de-brebis/,"La brousse est une spécialité fromagère fraiche, qui peut aussi bien être utilisé dans des préparations culinaires salées que sucrées. Fromage de 250g. Prix à la pièce : 6 €",2.0,2.0,6.0,Brousse_600600.jpg,8e01f10e-73ff-440c-8877-1a19be2018e4,2020-05-30,2.0
Buchette blanche ou cendrée,Chèvre,Molle à croûte naturelle,https://www.laboitedufromager.com/fromage/buchette-cendree/,"La buchette Le Pic est un fromage frais au lait entier de chèvre. Sa pâte est ferme et recouverte d’une fine croûte naturelle. Si vous souhaitez une buchette un peu plus grande, vous avez le Sainte-Maure-de-Touraine qui est fabriqué en Indre et Loire. Prix à la Pièce : 6,90 €",5.0,1.0,6.9,Buchette-Blanche-Le-Pic_600600.jpg,31e2dc98-3d3b-48af-979e-75486cbc0b66,2020-01-27,2.0
Buchette blanche ou cendrée,Chèvre,Molle à croûte naturelle,https://www.laboitedufromager.com/fromage/buchette-cendree/,"La buchette Le Pic est un fromage frais au lait entier de chèvre. Sa pâte est ferme et recouverte d’une fine croûte naturelle. Si vous souhaitez une buchette un peu plus grande, vous avez le Sainte-Maure-de-Touraine qui est fabriqué en Indre et Loire. Prix à la Pièce : 6,90 €",5.0,1.0,6.9,Buchette-Blanche-Le-Pic_600600.jpg,396c9407-b7dc-43ee-9ca1-32f64f23c18b,2021-09-07,4.0
Buchette blanche ou cendrée,Chèvre,Molle à croûte naturelle,https://www.laboitedufromager.com/fromage/buchette-cendree/,"La buchette Le Pic est un fromage frais au lait entier de chèvre. Sa pâte est ferme et recouverte d’une fine croûte naturelle. Si vous souhaitez une buchette un peu plus grande, vous avez le Sainte-Maure-de-Touraine qui est fabriqué en Indre et Loire. Prix à la Pièce : 6,90 €",5.0,1.0,6.9,Buchette-Blanche-Le-Pic_600600.jpg,98e44e7d-899c-4ef7-b6f7-fb8098334917,2020-11-23,3.0
Buchette de Chèvre cendrée,Chèvre,Molle à croûte naturelle,https://www.laboitedufromager.com/fromage/buchette-du-vernet/,"La Buchette du Vernet est un fromage au lait cru de chèvre à pâte molle et à croûte naturelle produit dans la région d’Auvergne–Rhône-Alpes. C’est un fromage fermier fait à base de lait cru de chèvre facilement reconnaissable par sa forme en buchette. Selon vos préférences, il peut être nature, mais également cendré. La Buchette du Vernet pèse environ 150 g avec 20 % de matières grasses. Quant à ses saveurs, ce fromage offre une pâte lisse blanche avec un goût léger, fondant dans la bouche et avec des arômes lactés. Lors de sa dégustation, vous relèverez aussi une légère saveur noisettée qui va apporter une particularité à ce dernier. Son goût devient plus prononcé avec un peu plus d’affinage. Prix à la pièce : 7,10 €",4.56,16.0,7.1,buchette-du-vernet.jpg,NULL,NULL,NULL
Buronnier de l’Aubrac,Vache,Pressée non cuite,https://www.laboitedufromager.com/fromage/buronnier-de-laubrac/,"Le Buronnier de l’Aubrac est fabriqué à partir de lait de vache cru et entier. C’est un fromage à pâte ferme, pressée non cuite. Prix au Kilo : 27 € / Kg (soit 8,10 € les 300g)",4.75,12.0,8.1,Buronnier_JL_600600.jpg,90243309-0b66-41c3-8e4f-73c9657ae26d,2020-07-16,2.0
Buronnier de l’Aubrac,Vache,Pressée non cuite,https://www.laboitedufromager.com/fromage/buronnier-de-laubrac/,"Le Buronnier de l’Aubrac est fabriqué à partir de lait de vache cru et entier. C’est un fromage à pâte ferme, pressée non cuite. Prix au Kilo : 27 € / Kg (soit 8,10 € les 300g)",4.75,12.0,8.1,Buronnier_JL_600600.jpg,e3bc883d-49e3-48e3-95a1-a3351fce3e81,2021-02-11,4.0
Buronnier de l’Aubrac,Vache,Pressée non cuite,https://www.laboitedufromager.com/fromage/buronnier-de-laubrac/,"Le Buronnier de l’Aubrac est fabriqué à partir de lait de vache cru et entier. C’est un fromage à pâte ferme, pressée non cuite. Prix au Kilo : 27 € / Kg (soit 8,10 € les 300g)",4.75,12.0,8.1,Buronnier_JL_600600.jpg,fc27f17e-e9e0-4e0f-bda8-d014e29c5a7d,2020-05-14,4.0
Buronoix,Vache,Pressée non cuite,https://www.laboitedufromager.com/fromage/buronoix/,"Le Buronoix est un fromage à pâte pressée non cuite. Sa croûte a une couleur grise et sa pâte est moelleuse. Prix au Kilo : 19 € / Kg (Soit 5,70 € les 300g)",3.5,4.0,5.7,buronoix_600600.jpg,08414fdb-69fb-45ff-a3df-06f459cce156,2020-03-24,3.0
Cabécou,Chèvre,Molle à croûte naturelle,https://www.laboitedufromager.com/fromage/cabecou/,"Le Cabécou est un fromage au lait de chèvre cru. Il se présente sous la forme d’un palet de 70 grammes. De couleur jaune pâle, sa peau striée présente un aspect légèrement velouté. Prix à la pièce : 3,30 €",4.75,8.0,3.3,Cabecou_JL_600600-1.jpg,e0dbc863-ac76-4845-b51c-54744bad185e,2020-07-05,5.0
Cabécou,Chèvre,Molle à croûte naturelle,https://www.laboitedufromager.com/fromage/cabecou/,"Le Cabécou est un fromage au lait de chèvre cru. Il se présente sous la forme d’un palet de 70 grammes. De couleur jaune pâle, sa peau striée présente un aspect légèrement velouté. Prix à la pièce : 3,30 €",4.75,8.0,3.3,Cabecou_JL_600600-1.jpg,b5160b86-c26c-47dc-baba-c4955edfa96f,2021-04-26,2.0
Cabréra,Chèvre,Pressée non cuite,https://www.laboitedufromager.com/fromage/cabrera/,"Le Cabrera est un Fromage à pâte pressée non cuite au lait de chèvre. Prix au Kilo : 29 € / Kg (Soit 7,25 € les 250g)",NULL,NULL,7.25,Cabrera_JL_600600.jpg,c2897639-9852-47fb-92fc-d1464656e1d0,2021-07-29,5.0
Cabri au sel de Guérande et aux aromates,Chèvre,Molle à croûte naturelle,https://www.laboitedufromager.com/fromage/cabri-au-sel-de-guerande-et-aux-aromates/,"Le Cabri au sel de Guérande et aux aromates est un fromage de chèvre au lait cru de chèvre, fabriqué par la fromagerie Le Côteau. Prix à la pièce : 8,50 €",5.0,6.0,8.5,cabri-fleur-de-sel-aromates_600600.jpg,78f2a99e-bab9-4f89-acd1-87bc5901a600,2021-09-13,5.0
Cabri au sel de Guérande et aux aromates,Chèvre,Molle à croûte naturelle,https://www.laboitedufromager.com/fromage/cabri-au-sel-de-guerande-et-aux-aromates/,"Le Cabri au sel de Guérande et aux aromates est un fromage de chèvre au lait cru de chèvre, fabriqué par la fromagerie Le Côteau. Prix à la pièce : 8,50 €",5.0,6.0,8.5,cabri-fleur-de-sel-aromates_600600.jpg,2e92e1c3-03f5-49a2-ac41-e797895ecc2b,2021-10-23,2.0
Cabri au sel de Guérande et aux aromates,Chèvre,Molle à croûte naturelle,https://www.laboitedufromager.com/fromage/cabri-au-sel-de-guerande-et-aux-aromates/,"Le Cabri au sel de Guérande et aux aromates est un fromage de chèvre au lait cru de chèvre, fabriqué par la fromagerie Le Côteau. Prix à la pièce : 8,50 €",5.0,6.0,8.5,cabri-fleur-de-sel-aromates_600600.jpg,30332f98-2ef5-49ba-874a-c19bdd6a6abb,2021-04-09,4.0
Cabri au sel de Guérande et aux aromates,Chèvre,Molle à croûte naturelle,https://www.laboitedufromager.com/fromage/cabri-au-sel-de-guerande-et-aux-aromates/,"Le Cabri au sel de Guérande et aux aromates est un fromage de chèvre au lait cru de chèvre, fabriqué par la fromagerie Le Côteau. Prix à la pièce : 8,50 €",5.0,6.0,8.5,cabri-fleur-de-sel-aromates_600600.jpg,9566e837-bdb2-44d2-9d96-436731bf7429,2020-07-12,1.0
Cabri au sel de Guérande et aux aromates,Chèvre,Molle à croûte naturelle,https://www.laboitedufromager.com/fromage/cabri-au-sel-de-guerande-et-aux-aromates/,"Le Cabri au sel de Guérande et aux aromates est un fromage de chèvre au lait cru de chèvre, fabriqué par la fromagerie Le Côteau. Prix à la pièce : 8,50 €",5.0,6.0,8.5,cabri-fleur-de-sel-aromates_600600.jpg,b413ddfc-4682-47dd-a962-c723855c03ac,2021-12-21,2.0
Cabri au sel de Guérande et aux aromates,Chèvre,Molle à croûte naturelle,https://www.laboitedufromager.com/fromage/cabri-au-sel-de-guerande-et-aux-aromates/,"Le Cabri au sel de Guérande et aux aromates est un fromage de chèvre au lait cru de chèvre, fabriqué par la fromagerie Le Côteau. Prix à la pièce : 8,50 €",5.0,6.0,8.5,cabri-fleur-de-sel-aromates_600600.jpg,8e831992-775a-426c-ac9a-887c295756b0,2021-07-17,1.0
Cabri au sel de Guérande et aux aromates,Chèvre,Molle à croûte naturelle,https://www.laboitedufromager.com/fromage/cabri-au-sel-de-guerande-et-aux-aromates/,"Le Cabri au sel de Guérande et aux aromates est un fromage de chèvre au lait cru de chèvre, fabriqué par la fromagerie Le Côteau. Prix à la pièce : 8,50 €",5.0,6.0,8.5,cabri-fleur-de-sel-aromates_600600.jpg,c7fb437c-de68-4f76-9a4f-16c180d2c7be,2020-07-29,5.0
Cabri Sel Fou,Chèvre,Molle à croûte naturelle,https://www.laboitedufromager.com/fromage/cabri-sel-fou/,"Le Cabri Sel Fou est un fromage de chèvre au lait cru de chèvre, fabriqué par la fromagerie Le Côteau. Prix à la pièce : 8,50 €",4.33,3.0,8.5,Sel-Fou-Coteau_600600.jpg,6a095002-a200-4e72-8a0e-a86bddf7092d,2021-03-13,1.0
Cabri Sel Fou,Chèvre,Molle à croûte naturelle,https://www.laboitedufromager.com/fromage/cabri-sel-fou/,"Le Cabri Sel Fou est un fromage de chèvre au lait cru de chèvre, fabriqué par la fromagerie Le Côteau. Prix à la pièce : 8,50 €",4.33,3.0,8.5,Sel-Fou-Coteau_600600.jpg,c3f0d579-2b1b-40a2-a97d-5f21176c11c0,2020-05-25,3.0
Cabri Sel Fou,Chèvre,Molle à croûte naturelle,https://www.laboitedufromager.com/fromage/cabri-sel-fou/,"Le Cabri Sel Fou est un fromage de chèvre au lait cru de chèvre, fabriqué par la fromagerie Le Côteau. Prix à la pièce : 8,50 €",4.33,3.0,8.5,Sel-Fou-Coteau_600600.jpg,e4dc52dd-0c87-4d98-9472-442cba1f32b4,2021-06-16,3.0
Cabrissoux,Chèvre,Molle à croûte naturelle,https://www.laboitedufromager.com/fromage/cabrissoux/,Le Cabrissoux est un fromage frais au lait entier de chèvre. Sa pâte est recouverte d’un léger duvet blanc. Prix à la Pièce : 5 €,4.22,18.0,5.0,Cabrissoux_JL_600600.jpg,544d6c64-9c19-41eb-8256-a4b5efd61ed0,2020-09-23,2.0
Cabrissoux,Chèvre,Molle à croûte naturelle,https://www.laboitedufromager.com/fromage/cabrissoux/,Le Cabrissoux est un fromage frais au lait entier de chèvre. Sa pâte est recouverte d’un léger duvet blanc. Prix à la Pièce : 5 €,4.22,18.0,5.0,Cabrissoux_JL_600600.jpg,9dcacf81-1d47-439a-ab6b-ac6961902008,2020-09-14,4.0
Cabrissoux,Chèvre,Molle à croûte naturelle,https://www.laboitedufromager.com/fromage/cabrissoux/,Le Cabrissoux est un fromage frais au lait entier de chèvre. Sa pâte est recouverte d’un léger duvet blanc. Prix à la Pièce : 5 €,4.22,18.0,5.0,Cabrissoux_JL_600600.jpg,ef05abe1-5ec7-4a0b-8195-5f18f1caf0b1,2021-06-18,3.0
Calisson cendré,Chèvre,Molle à croûte naturelle,https://www.laboitedufromager.com/fromage/calisson-cendre/,"Le Calisson cendré est un fromage obtenu à partir du lait cru de chèvre. Sa croûte fleurie ou naturelle lui donne un aspect assez singulier. Sa pâte crémeuse, son cœur blanc et crayeux offrent la consistance unique de ce fromage, une fois en bouche. Le Calisson existe en deux variétés qui diffèrent par les croûtes dont l’une est recouverte de cendre et l’autre non. On reconnaît le Calisson cendré par son goût légèrement acide, marqué par la saveur d’herbes aromatiques et qui se marie parfaitement pour donner la saveur unique de ce fromage. On consomme surtout le Calisson cendré en automne, idéalement entre avril et septembre. Les conditions de fermentation y sont propices, tout comme le lait de chèvre pour obtenir un fromage de qualité. Contrairement aux fromages traditionnels, le calisson cendré est reconnaissable à sa forme assez spécifique. Celle-ci s’inspire en effet de la célèbre friandise d’origine provençale du même nom. Prix à la pièce : 4,10 €/ Pièce",4.11,18.0,4.1,calisson-cendre-2.jpg,ea9efef6-0d03-42f5-a59f-36ee6e31c4ff,2020-09-10,1.0
Calisson cendré,Chèvre,Molle à croûte naturelle,https://www.laboitedufromager.com/fromage/calisson-cendre/,"Le Calisson cendré est un fromage obtenu à partir du lait cru de chèvre. Sa croûte fleurie ou naturelle lui donne un aspect assez singulier. Sa pâte crémeuse, son cœur blanc et crayeux offrent la consistance unique de ce fromage, une fois en bouche. Le Calisson existe en deux variétés qui diffèrent par les croûtes dont l’une est recouverte de cendre et l’autre non. On reconnaît le Calisson cendré par son goût légèrement acide, marqué par la saveur d’herbes aromatiques et qui se marie parfaitement pour donner la saveur unique de ce fromage. On consomme surtout le Calisson cendré en automne, idéalement entre avril et septembre. Les conditions de fermentation y sont propices, tout comme le lait de chèvre pour obtenir un fromage de qualité. Contrairement aux fromages traditionnels, le calisson cendré est reconnaissable à sa forme assez spécifique. Celle-ci s’inspire en effet de la célèbre friandise d’origine provençale du même nom. Prix à la pièce : 4,10 €/ Pièce",4.11,18.0,4.1,calisson-cendre-2.jpg,00876098-e8dd-4347-8acc-655c396419c9,2021-09-27,4.0
Cambozola,Vache,Persillée,NULL,NULL,NULL,NULL,NULL,NULL,a8c46207-c0b2-47c9-b9e2-54219e32c85e,2020-02-05,2.0
Cambozola,Vache,Persillée,NULL,NULL,NULL,NULL,NULL,NULL,4c0297db-5c72-4443-93c8-8b8c919d6721,2020-05-02,5.0
Cambozola,Vache,Persillée,NULL,NULL,NULL,NULL,NULL,NULL,210ca171-0625-4b43-8b37-a8071abf5ae3,2020-02-04,3.0
Cambozola,Vache,Persillée,NULL,NULL,NULL,NULL,NULL,NULL,23c39b42-febe-4ca3-a889-72b65636a1da,2021-10-15,5.0
Cambozola,Vache,Persillée,NULL,NULL,NULL,NULL,NULL,NULL,575bac88-d143-4425-94ae-c7c0f119b979,2021-08-18,1.0
Camembert de Normandie AOP,Vache,Molle à croûte fleurie,https://www.laboitedufromager.com/fromage/camembert-de-normandie/,"Le camembert de Normandie est un fromage fabriqué à partir de lait cru de vaches normandes, à pâte molle et à croûte fleurie. C’est un fromage de forme cylindrique qui mesure environ 10 cm de diamètre et 3 cm d’épaisseur, pour un poids minimum de 250 g. Il est couvert d’un duvet blanc pouvant laisser apparaître des traces rougeâtres, selon le degré d’affinage. Le camembert de Normandie contient également 45 % de matières grasses sur extrait sec, ce qui représente seulement 20 % sur produit fini. Par ailleurs, sa pâte se révèle souple et lisse quand il est affiné à cœur et renferme un noyau blanc au centre lorsque celui-ci est demi-affiné. C’est un produit de qualité résultant d’un savoir-faire unique et disposant d’une Appellation d’Origine Contrôlée (AOC) ainsi que d’une Appellation d’Origine Protégée (AOP). Prix à la pièce (250g) : 8,50 € le Camembert de Normandie AOP au lait cru Fermier",4.18,44.0,8.5,Camembert_2OK2_600600-e1612604288846-1.jpg,edacd085-ee3f-4fc1-887d-cc09244dfaa5,2020-09-11,4.0
Cancoillotte à l’ail,Vache,fondue,https://www.laboitedufromager.com/fromage/cancoillotte-a-lail/,"La Cancoillotte à l’ail est une spécialité fromagère fondue à l’ail issue du terroir de Franche-Comté et qui bénéficie aujourd’hui d’une IGP (Indication Géographique Protégée). Fabriqué à partir de lait de vache écrémé et pasteurisé et de ferments lactiques, ce fromage est naturellement léger en matières grasses (12 %). Mais ce n’est pas seulement son abondance de protéines et de calcium qui le rend célèbre. La Cancoillotte à l’ail est l’une des multiples variantes de la Cancoillotte nature. Elle est reconnaissable grâce à sa texture lisse et sa couleur jaunâtre. Son goût attire les curieux et séduit les amateurs de fromage. Il est à la fois salé et acide, avec juste ce qu’il faut de saveur et d’assaisonnement. Son petit plus ? Il a un goût de beurre ponctué d’un arrière-goût de lait fermenté et d’ail. À chaud, il a un parfum fruité. Généralement, il est conditionné dans un pot en plastique. Prix au kilo : 26 € / Kg (soit 6,24 € le pot de 240g)",NULL,NULL,6.24,Cancoillotte-a-l-ail.jpg,f7f9f662-e290-4959-a668-ad1daf863ac9,2021-03-09,4.0
Cancoillotte à l’ail,Vache,fondue,https://www.laboitedufromager.com/fromage/cancoillotte-a-lail/,"La Cancoillotte à l’ail est une spécialité fromagère fondue à l’ail issue du terroir de Franche-Comté et qui bénéficie aujourd’hui d’une IGP (Indication Géographique Protégée). Fabriqué à partir de lait de vache écrémé et pasteurisé et de ferments lactiques, ce fromage est naturellement léger en matières grasses (12 %). Mais ce n’est pas seulement son abondance de protéines et de calcium qui le rend célèbre. La Cancoillotte à l’ail est l’une des multiples variantes de la Cancoillotte nature. Elle est reconnaissable grâce à sa texture lisse et sa couleur jaunâtre. Son goût attire les curieux et séduit les amateurs de fromage. Il est à la fois salé et acide, avec juste ce qu’il faut de saveur et d’assaisonnement. Son petit plus ? Il a un goût de beurre ponctué d’un arrière-goût de lait fermenté et d’ail. À chaud, il a un parfum fruité. Généralement, il est conditionné dans un pot en plastique. Prix au kilo : 26 € / Kg (soit 6,24 € le pot de 240g)",NULL,NULL,6.24,Cancoillotte-a-l-ail.jpg,101ba850-8e54-4125-a398-66e0892d5af9,2021-01-23,2.0
Cancoillotte à l’ail,Vache,fondue,https://www.laboitedufromager.com/fromage/cancoillotte-a-lail/,"La Cancoillotte à l’ail est une spécialité fromagère fondue à l’ail issue du terroir de Franche-Comté et qui bénéficie aujourd’hui d’une IGP (Indication Géographique Protégée). Fabriqué à partir de lait de vache écrémé et pasteurisé et de ferments lactiques, ce fromage est naturellement léger en matières grasses (12 %). Mais ce n’est pas seulement son abondance de protéines et de calcium qui le rend célèbre. La Cancoillotte à l’ail est l’une des multiples variantes de la Cancoillotte nature. Elle est reconnaissable grâce à sa texture lisse et sa couleur jaunâtre. Son goût attire les curieux et séduit les amateurs de fromage. Il est à la fois salé et acide, avec juste ce qu’il faut de saveur et d’assaisonnement. Son petit plus ? Il a un goût de beurre ponctué d’un arrière-goût de lait fermenté et d’ail. À chaud, il a un parfum fruité. Généralement, il est conditionné dans un pot en plastique. Prix au kilo : 26 € / Kg (soit 6,24 € le pot de 240g)",NULL,NULL,6.24,Cancoillotte-a-l-ail.jpg,dba326a2-c89e-4cc1-88cc-74b12d5dd088,2020-12-29,2.0
Cancoillotte à l’ail,Vache,fondue,https://www.laboitedufromager.com/fromage/cancoillotte-a-lail/,"La Cancoillotte à l’ail est une spécialité fromagère fondue à l’ail issue du terroir de Franche-Comté et qui bénéficie aujourd’hui d’une IGP (Indication Géographique Protégée). Fabriqué à partir de lait de vache écrémé et pasteurisé et de ferments lactiques, ce fromage est naturellement léger en matières grasses (12 %). Mais ce n’est pas seulement son abondance de protéines et de calcium qui le rend célèbre. La Cancoillotte à l’ail est l’une des multiples variantes de la Cancoillotte nature. Elle est reconnaissable grâce à sa texture lisse et sa couleur jaunâtre. Son goût attire les curieux et séduit les amateurs de fromage. Il est à la fois salé et acide, avec juste ce qu’il faut de saveur et d’assaisonnement. Son petit plus ? Il a un goût de beurre ponctué d’un arrière-goût de lait fermenté et d’ail. À chaud, il a un parfum fruité. Généralement, il est conditionné dans un pot en plastique. Prix au kilo : 26 € / Kg (soit 6,24 € le pot de 240g)",NULL,NULL,6.24,Cancoillotte-a-l-ail.jpg,eadb1125-beeb-47e2-b7ca-163c72db93ea,2020-12-21,5.0
Cantal AOP,Vache,Pressée non cuite,https://www.laboitedufromager.com/fromage/cantal/,"Le Cantal ou « fourme de Cantal » est un fromage au lait de vache cru ou pasteurisé. Sa pâte est ferme, pressée et non cuite. Il se présente sous la forme d’une grosse meule d’environ 40 kg, de 40 cm de hauteur et 40 cm de diamètre. Cependant, vous trouverez des dimensions plus petites : le Cantalet (8-10 kg) et le petit Cantal (15-20 kg). Le goût du Cantal rappelle celui du beurre ou de la noisette. Mais cela évoluera selon l’âge du fromage. Idem pour les couleurs et les textures de la croûte et de la pâte. Le Cantal est ainsi blanc avec une pâte souple lorsqu’il est jeune et brun avec une pâte friable quand il est vieux. Le Cantal est un fromage AOP au niveau européen. Une plaque d’aluminium de couleur nature sur le fromage prouve son authenticité. Prix au Kilo : Cantal AOP Entre-Deux : 28,50 € / Kg (soit 8,55 € les 300g)",4.1,73.0,8.55,Cantal600600.jpg,47259498-088e-4fd2-b3a1-851bd62870d3,2020-11-03,5.0
Cantal AOP,Vache,Pressée non cuite,https://www.laboitedufromager.com/fromage/cantal/,"Le Cantal ou « fourme de Cantal » est un fromage au lait de vache cru ou pasteurisé. Sa pâte est ferme, pressée et non cuite. Il se présente sous la forme d’une grosse meule d’environ 40 kg, de 40 cm de hauteur et 40 cm de diamètre. Cependant, vous trouverez des dimensions plus petites : le Cantalet (8-10 kg) et le petit Cantal (15-20 kg). Le goût du Cantal rappelle celui du beurre ou de la noisette. Mais cela évoluera selon l’âge du fromage. Idem pour les couleurs et les textures de la croûte et de la pâte. Le Cantal est ainsi blanc avec une pâte souple lorsqu’il est jeune et brun avec une pâte friable quand il est vieux. Le Cantal est un fromage AOP au niveau européen. Une plaque d’aluminium de couleur nature sur le fromage prouve son authenticité. Prix au Kilo : Cantal AOP Entre-Deux : 28,50 € / Kg (soit 8,55 € les 300g)",4.1,73.0,8.55,Cantal600600.jpg,f1c0d5ea-a696-4b3b-9f3a-b20bbc0173f3,2021-05-14,2.0
Cantal AOP,Vache,Pressée non cuite,https://www.laboitedufromager.com/fromage/cantal/,"Le Cantal ou « fourme de Cantal » est un fromage au lait de vache cru ou pasteurisé. Sa pâte est ferme, pressée et non cuite. Il se présente sous la forme d’une grosse meule d’environ 40 kg, de 40 cm de hauteur et 40 cm de diamètre. Cependant, vous trouverez des dimensions plus petites : le Cantalet (8-10 kg) et le petit Cantal (15-20 kg). Le goût du Cantal rappelle celui du beurre ou de la noisette. Mais cela évoluera selon l’âge du fromage. Idem pour les couleurs et les textures de la croûte et de la pâte. Le Cantal est ainsi blanc avec une pâte souple lorsqu’il est jeune et brun avec une pâte friable quand il est vieux. Le Cantal est un fromage AOP au niveau européen. Une plaque d’aluminium de couleur nature sur le fromage prouve son authenticité. Prix au Kilo : Cantal AOP Entre-Deux : 28,50 € / Kg (soit 8,55 € les 300g)",4.1,73.0,8.55,Cantal600600.jpg,30d5f08c-4e85-452d-af0e-295a08bc9d47,2020-01-18,1.0
Cantal AOP,Vache,Pressée non cuite,https://www.laboitedufromager.com/fromage/cantal/,"Le Cantal ou « fourme de Cantal » est un fromage au lait de vache cru ou pasteurisé. Sa pâte est ferme, pressée et non cuite. Il se présente sous la forme d’une grosse meule d’environ 40 kg, de 40 cm de hauteur et 40 cm de diamètre. Cependant, vous trouverez des dimensions plus petites : le Cantalet (8-10 kg) et le petit Cantal (15-20 kg). Le goût du Cantal rappelle celui du beurre ou de la noisette. Mais cela évoluera selon l’âge du fromage. Idem pour les couleurs et les textures de la croûte et de la pâte. Le Cantal est ainsi blanc avec une pâte souple lorsqu’il est jeune et brun avec une pâte friable quand il est vieux. Le Cantal est un fromage AOP au niveau européen. Une plaque d’aluminium de couleur nature sur le fromage prouve son authenticité. Prix au Kilo : Cantal AOP Entre-Deux : 28,50 € / Kg (soit 8,55 € les 300g)",4.1,73.0,8.55,Cantal600600.jpg,74a05258-6da2-4028-9bfa-b9a9cdfa1b6a,2020-05-31,1.0
Cantal (entre-deux),Vache,Pressée non cuite,NULL,NULL,NULL,NULL,NULL,NULL,b246c84d-5f33-4185-88d2-4ceee963af09,2021-03-07,3.0
Cantal (entre-deux),Vache,Pressée non cuite,NULL,NULL,NULL,NULL,NULL,NULL,a6e76ec6-26c6-4e18-b83b-1569d7a43297,2021-07-13,4.0
Cantal (entre-deux),Vache,Pressée non cuite,NULL,NULL,NULL,NULL,NULL,NULL,883e1608-7f06-4f7e-9e79-944380fcc3cb,2021-09-11,3.0
Cantal (entre-deux),Vache,Pressée non cuite,NULL,NULL,NULL,NULL,NULL,NULL,18027b80-a8d0-4fce-a0e9-89bf546d7d64,2020-04-18,5.0
Carré blanc,Chèvre,Molle à croûte fleurie,https://www.laboitedufromager.com/fromage/carre-blanc/,"Le Carré Blanc est un fromage au lait entier de chèvre. Sa pâte blanche ou ivoire est recouverte d’une croûte naturelle, fine et fleurie. Prix à la Pièce : 6,90 €",4.33,36.0,6.9,Carre_Blanc_2_600600.jpg,0c99557c-38aa-4ae7-86aa-db1acf5667f9,2020-12-20,2.0
Carré blanc,Chèvre,Molle à croûte fleurie,https://www.laboitedufromager.com/fromage/carre-blanc/,"Le Carré Blanc est un fromage au lait entier de chèvre. Sa pâte blanche ou ivoire est recouverte d’une croûte naturelle, fine et fleurie. Prix à la Pièce : 6,90 €",4.33,36.0,6.9,Carre_Blanc_2_600600.jpg,7636f8e7-f01c-40f9-bf5a-c67c5003be84,2021-12-22,1.0
Carré du Vinage,Vache,Molle à croûte lavée,https://www.laboitedufromager.com/fromage/carre-du-vinage/,"Le Carré du Vinage est un fromage au lait cru de vache, à pâte molle à la croûte lavée. Prix au Kilo : 25 € / Kg (Soit 5,13€ la Demi pièce, d’environ 205g)",4.0,27.0,5.13,Carre-du-Vinage_1_600600.jpg,2259ae34-9141-4490-8da3-fd308cd2ccdd,2020-08-11,4.0
Carré Le Saulnois,Vache,Molle à croûte fleurie,https://www.laboitedufromager.com/fromage/carre-le-saulnois/,"Le Carré Le Saulnois est un fromage au lait pasteurisé de vache, à pâte molle à la croûte fleurie provenant du Grand Est. Si vous cherchez la version “lait cru fermier” de ce carré le saulnois, nous vous invitons à gouter soit la Pierre blanche, soit le Pavé fermier (fromage beaucoup plus puissant). Prix à la demi-Pièce : 5,90 €",4.2,5.0,5.9,Carre-le-Saulnois_decoupe_JL4_600600.jpg,a7dda749-6ae9-40fa-879b-aa2133c8f32e,2020-04-11,5.0
Carré Le Saulnois,Vache,Molle à croûte fleurie,https://www.laboitedufromager.com/fromage/carre-le-saulnois/,"Le Carré Le Saulnois est un fromage au lait pasteurisé de vache, à pâte molle à la croûte fleurie provenant du Grand Est. Si vous cherchez la version “lait cru fermier” de ce carré le saulnois, nous vous invitons à gouter soit la Pierre blanche, soit le Pavé fermier (fromage beaucoup plus puissant). Prix à la demi-Pièce : 5,90 €",4.2,5.0,5.9,Carre-le-Saulnois_decoupe_JL4_600600.jpg,148e4a01-8e57-4cd5-a679-15093c44f8d5,2021-02-19,1.0
Carré Le Saulnois,Vache,Molle à croûte fleurie,https://www.laboitedufromager.com/fromage/carre-le-saulnois/,"Le Carré Le Saulnois est un fromage au lait pasteurisé de vache, à pâte molle à la croûte fleurie provenant du Grand Est. Si vous cherchez la version “lait cru fermier” de ce carré le saulnois, nous vous invitons à gouter soit la Pierre blanche, soit le Pavé fermier (fromage beaucoup plus puissant). Prix à la demi-Pièce : 5,90 €",4.2,5.0,5.9,Carre-le-Saulnois_decoupe_JL4_600600.jpg,fbfb417b-ce06-4a16-b0fc-65a4d48a98a8,2020-05-15,3.0
Chabis blanc ou cendré,Chèvre,Molle à croûte naturelle,https://www.laboitedufromager.com/fromage/chabis-cendre/,"Le Chabis blanc ou cendré est un fromage de chèvre au lait cru, fabriqué par Johnny Blanc à Parthenay. Prix à la pièce : 8,50 €",4.39,18.0,8.5,Chabis-Blanc_600600.jpg,7171f74c-f714-4b84-b9f7-a411bf9b30ec,2020-10-12,4.0
Chabis blanc ou cendré,Chèvre,Molle à croûte naturelle,https://www.laboitedufromager.com/fromage/chabis-cendre/,"Le Chabis blanc ou cendré est un fromage de chèvre au lait cru, fabriqué par Johnny Blanc à Parthenay. Prix à la pièce : 8,50 €",4.39,18.0,8.5,Chabis-Blanc_600600.jpg,dae3b958-b78c-4497-8575-d83a427f2db5,2020-12-26,4.0
Chabis blanc ou cendré,Chèvre,Molle à croûte naturelle,https://www.laboitedufromager.com/fromage/chabis-cendre/,"Le Chabis blanc ou cendré est un fromage de chèvre au lait cru, fabriqué par Johnny Blanc à Parthenay. Prix à la pièce : 8,50 €",4.39,18.0,8.5,Chabis-Blanc_600600.jpg,babc1d9e-6c6b-4130-8cc6-14b48fd4aefe,2021-07-11,4.0
Chabis blanc ou cendré,Chèvre,Molle à croûte naturelle,https://www.laboitedufromager.com/fromage/chabis-cendre/,"Le Chabis blanc ou cendré est un fromage de chèvre au lait cru, fabriqué par Johnny Blanc à Parthenay. Prix à la pièce : 8,50 €",4.39,18.0,8.5,Chabis-Blanc_600600.jpg,ab4b4cb5-3f7a-4d3d-b689-5d424c67900d,2020-02-16,3.0
Chabis blanc ou cendré,Chèvre,Molle à croûte naturelle,https://www.laboitedufromager.com/fromage/chabis-cendre/,"Le Chabis blanc ou cendré est un fromage de chèvre au lait cru, fabriqué par Johnny Blanc à Parthenay. Prix à la pièce : 8,50 €",4.39,18.0,8.5,Chabis-Blanc_600600.jpg,aa3b96ff-8916-4e6a-953b-9468a92afdf6,2021-08-03,1.0
Carré Mirabelle,Vache,Molle à croûte lavée,https://www.laboitedufromager.com/fromage/carre-mirabelle/,"Le Carré Mirabelle est un Fromage à croûte lavée au lait Thermisé affiné à l’eau de vie de mirabelle, ce qui en fait un fromage épicé aux arômes légèrement fruités. Tout comme le Carré de l’est, il est le résultat d’expériences visant à mettre au point une sorte de Brie d’un format plus commode à manipuler et stocker, exprimant les  saveurs du terroir lorrain. Prix au Kilo : 38,50 € (soit 7,70€ le carré de 200g)",3.5,6.0,7.7,Carre-Mirabelle600600.jpg,e3e8e263-1ad6-48b9-b25e-65f495db236c,2021-02-13,4.0
Carré Mirabelle,Vache,Molle à croûte lavée,https://www.laboitedufromager.com/fromage/carre-mirabelle/,"Le Carré Mirabelle est un Fromage à croûte lavée au lait Thermisé affiné à l’eau de vie de mirabelle, ce qui en fait un fromage épicé aux arômes légèrement fruités. Tout comme le Carré de l’est, il est le résultat d’expériences visant à mettre au point une sorte de Brie d’un format plus commode à manipuler et stocker, exprimant les  saveurs du terroir lorrain. Prix au Kilo : 38,50 € (soit 7,70€ le carré de 200g)",3.5,6.0,7.7,Carre-Mirabelle600600.jpg,ff2a1953-8789-49dc-8f7e-e07b0af85125,2020-05-25,5.0
Carré Mirabelle,Vache,Molle à croûte lavée,https://www.laboitedufromager.com/fromage/carre-mirabelle/,"Le Carré Mirabelle est un Fromage à croûte lavée au lait Thermisé affiné à l’eau de vie de mirabelle, ce qui en fait un fromage épicé aux arômes légèrement fruités. Tout comme le Carré de l’est, il est le résultat d’expériences visant à mettre au point une sorte de Brie d’un format plus commode à manipuler et stocker, exprimant les  saveurs du terroir lorrain. Prix au Kilo : 38,50 € (soit 7,70€ le carré de 200g)",3.5,6.0,7.7,Carre-Mirabelle600600.jpg,69f1ff18-0cb4-4134-8b05-7df1d0236fe4,2021-08-12,4.0
Carré Mirabelle,Vache,Molle à croûte lavée,https://www.laboitedufromager.com/fromage/carre-mirabelle/,"Le Carré Mirabelle est un Fromage à croûte lavée au lait Thermisé affiné à l’eau de vie de mirabelle, ce qui en fait un fromage épicé aux arômes légèrement fruités. Tout comme le Carré de l’est, il est le résultat d’expériences visant à mettre au point une sorte de Brie d’un format plus commode à manipuler et stocker, exprimant les  saveurs du terroir lorrain. Prix au Kilo : 38,50 € (soit 7,70€ le carré de 200g)",3.5,6.0,7.7,Carre-Mirabelle600600.jpg,57692e99-0c15-4a08-a0a9-5410c907683e,2020-11-24,3.0
Carré Mirabelle,Vache,Molle à croûte lavée,https://www.laboitedufromager.com/fromage/carre-mirabelle/,"Le Carré Mirabelle est un Fromage à croûte lavée au lait Thermisé affiné à l’eau de vie de mirabelle, ce qui en fait un fromage épicé aux arômes légèrement fruités. Tout comme le Carré de l’est, il est le résultat d’expériences visant à mettre au point une sorte de Brie d’un format plus commode à manipuler et stocker, exprimant les  saveurs du terroir lorrain. Prix au Kilo : 38,50 € (soit 7,70€ le carré de 200g)",3.5,6.0,7.7,Carre-Mirabelle600600.jpg,2df62ea4-c20f-4d5a-ac34-bb57096a3bc1,2021-11-18,5.0
Chabichou du Poitou,Chèvre,Molle à croûte naturelle,https://www.laboitedufromager.com/fromage/chabichou-du-poitou/,"Le Chabichou du Poitou est un fromage à pâte molle et à croute naturelle de type lactique fait à base de lait cru et entier de chèvre. Ce fromage est produit dans les départements de la Vienne et des Deux-Sèvres ainsi que dans quelques communes du département de la Charente en région Nouvelle-Aquitaine. Le Chabichou du Poitou bénéficie d’une AOC depuis 1990 et d’une AOP depuis 1996. Ce fromage a la forme d’une bonde et pèse environ 140 g, dont 23 % de matières grasses. Le Chabichou du Poitou possède une croute fine et vermiculée de couleur ivoire, recouverte d’un duvet blanc avec des moisissures superficielles jaunes ou bleues. Pour ce qui est du gout, lorsqu’il est jeune, le Chabichou de Poitou a un gout doux avec un caractère lactique. Avec plus d’affinage, le gout de chèvre est plus prononcé et des arômes de fruits secs peuvent être perçus. Prix à la pièce : 7 €",4.87,15.0,7.0,chabichou-du-poitou_2_jl_600600.jpg,660fc63c-9c1c-48c5-99b5-9eadb2ed6f4a,2021-03-07,4.0
Chabichou du Poitou,Chèvre,Molle à croûte naturelle,https://www.laboitedufromager.com/fromage/chabichou-du-poitou/,"Le Chabichou du Poitou est un fromage à pâte molle et à croute naturelle de type lactique fait à base de lait cru et entier de chèvre. Ce fromage est produit dans les départements de la Vienne et des Deux-Sèvres ainsi que dans quelques communes du département de la Charente en région Nouvelle-Aquitaine. Le Chabichou du Poitou bénéficie d’une AOC depuis 1990 et d’une AOP depuis 1996. Ce fromage a la forme d’une bonde et pèse environ 140 g, dont 23 % de matières grasses. Le Chabichou du Poitou possède une croute fine et vermiculée de couleur ivoire, recouverte d’un duvet blanc avec des moisissures superficielles jaunes ou bleues. Pour ce qui est du gout, lorsqu’il est jeune, le Chabichou de Poitou a un gout doux avec un caractère lactique. Avec plus d’affinage, le gout de chèvre est plus prononcé et des arômes de fruits secs peuvent être perçus. Prix à la pièce : 7 €",4.87,15.0,7.0,chabichou-du-poitou_2_jl_600600.jpg,6c47aa3e-c37e-4192-86eb-2a6144314c5a,2020-11-24,5.0
Chabichou du Poitou,Chèvre,Molle à croûte naturelle,https://www.laboitedufromager.com/fromage/chabichou-du-poitou/,"Le Chabichou du Poitou est un fromage à pâte molle et à croute naturelle de type lactique fait à base de lait cru et entier de chèvre. Ce fromage est produit dans les départements de la Vienne et des Deux-Sèvres ainsi que dans quelques communes du département de la Charente en région Nouvelle-Aquitaine. Le Chabichou du Poitou bénéficie d’une AOC depuis 1990 et d’une AOP depuis 1996. Ce fromage a la forme d’une bonde et pèse environ 140 g, dont 23 % de matières grasses. Le Chabichou du Poitou possède une croute fine et vermiculée de couleur ivoire, recouverte d’un duvet blanc avec des moisissures superficielles jaunes ou bleues. Pour ce qui est du gout, lorsqu’il est jeune, le Chabichou de Poitou a un gout doux avec un caractère lactique. Avec plus d’affinage, le gout de chèvre est plus prononcé et des arômes de fruits secs peuvent être perçus. Prix à la pièce : 7 €",4.87,15.0,7.0,chabichou-du-poitou_2_jl_600600.jpg,a7469150-7ac2-4b34-9c8b-8cac5f04663b,2021-02-15,3.0
Chabis du Béarn,Chèvre,Molle à croûte naturelle,https://www.laboitedufromager.com/fromage/crottin-des-pyrenees/,Le Crottin du Béarn est un petit fromage fermier au lait cru de chèvre. Prix à la Pièce : 5 €,5.0,2.0,5.0,Chabi-des-pyrenees_1_carre_600600.jpg,34ece0ae-a1d5-4756-962a-90eb936eeb6a,2021-01-11,3.0
Chabis du Béarn,Chèvre,Molle à croûte naturelle,https://www.laboitedufromager.com/fromage/crottin-des-pyrenees/,Le Crottin du Béarn est un petit fromage fermier au lait cru de chèvre. Prix à la Pièce : 5 €,5.0,2.0,5.0,Chabi-des-pyrenees_1_carre_600600.jpg,dcbf6597-e033-4296-8a38-979b3e274f9f,2020-12-08,4.0
Chabis du Béarn,Chèvre,Molle à croûte naturelle,https://www.laboitedufromager.com/fromage/crottin-des-pyrenees/,Le Crottin du Béarn est un petit fromage fermier au lait cru de chèvre. Prix à la Pièce : 5 €,5.0,2.0,5.0,Chabi-des-pyrenees_1_carre_600600.jpg,dc63c909-7cb9-4e96-92e0-0a985bc61983,2021-12-06,1.0
Chabis du Béarn,Chèvre,Molle à croûte naturelle,https://www.laboitedufromager.com/fromage/crottin-des-pyrenees/,Le Crottin du Béarn est un petit fromage fermier au lait cru de chèvre. Prix à la Pièce : 5 €,5.0,2.0,5.0,Chabi-des-pyrenees_1_carre_600600.jpg,dded660c-7a59-435a-98dc-f5f4f53348ce,2020-07-30,2.0
Chaource fermier AOP,Vache,Molle à croûte fleurie,https://www.laboitedufromager.com/fromage/chaource/,"Le Chaource est un fromage à pâte molle à croûte fleurie fabriqué à base de lait de vache entier. On le reconnait à sa croûte duveteuse de couleur blanche recouverte de petites moisissures blanches. Lorsqu’il est affiné, ce fromage laisse apparaître des tâches orangées. Sa pâte fine homogène révèle au toucher un côté souple et plutôt ferme. En bouche, la pâte du Chaource est fondante légèrement salée avec une pointe d’acidité et des arômes de crème, de champignon frais et de noisette. À l’odeur, il délivre aussi ces arômes de crème et de champignons frais. Au niveau des matières grasses, il en contient au moins 25 %. On retrouve le Chaource sous deux formats, tous les deux cylindriques. L’un totalise un poids d’environ 800 g et l’autre plus modeste fait à peu près 250 g. Depuis 1970, ce fromage bénéficie d’une Appellation d’Origine Contrôlée et depuis 1996 d’une Appellation d’Origine Protégée. Prix à la demi-pièce : 6,50€",4.13,31.0,6.5,Chaource-fermier2_600600.jpg,d65fbf98-2c76-479f-bb8e-6603870cbd80,2021-10-14,4.0
Chaource fermier AOP,Vache,Molle à croûte fleurie,https://www.laboitedufromager.com/fromage/chaource/,"Le Chaource est un fromage à pâte molle à croûte fleurie fabriqué à base de lait de vache entier. On le reconnait à sa croûte duveteuse de couleur blanche recouverte de petites moisissures blanches. Lorsqu’il est affiné, ce fromage laisse apparaître des tâches orangées. Sa pâte fine homogène révèle au toucher un côté souple et plutôt ferme. En bouche, la pâte du Chaource est fondante légèrement salée avec une pointe d’acidité et des arômes de crème, de champignon frais et de noisette. À l’odeur, il délivre aussi ces arômes de crème et de champignons frais. Au niveau des matières grasses, il en contient au moins 25 %. On retrouve le Chaource sous deux formats, tous les deux cylindriques. L’un totalise un poids d’environ 800 g et l’autre plus modeste fait à peu près 250 g. Depuis 1970, ce fromage bénéficie d’une Appellation d’Origine Contrôlée et depuis 1996 d’une Appellation d’Origine Protégée. Prix à la demi-pièce : 6,50€",4.13,31.0,6.5,Chaource-fermier2_600600.jpg,2c3f9595-e37d-4fce-9a00-ad8352a810a5,2021-05-19,3.0
Chaource fermier AOP,Vache,Molle à croûte fleurie,https://www.laboitedufromager.com/fromage/chaource/,"Le Chaource est un fromage à pâte molle à croûte fleurie fabriqué à base de lait de vache entier. On le reconnait à sa croûte duveteuse de couleur blanche recouverte de petites moisissures blanches. Lorsqu’il est affiné, ce fromage laisse apparaître des tâches orangées. Sa pâte fine homogène révèle au toucher un côté souple et plutôt ferme. En bouche, la pâte du Chaource est fondante légèrement salée avec une pointe d’acidité et des arômes de crème, de champignon frais et de noisette. À l’odeur, il délivre aussi ces arômes de crème et de champignons frais. Au niveau des matières grasses, il en contient au moins 25 %. On retrouve le Chaource sous deux formats, tous les deux cylindriques. L’un totalise un poids d’environ 800 g et l’autre plus modeste fait à peu près 250 g. Depuis 1970, ce fromage bénéficie d’une Appellation d’Origine Contrôlée et depuis 1996 d’une Appellation d’Origine Protégée. Prix à la demi-pièce : 6,50€",4.13,31.0,6.5,Chaource-fermier2_600600.jpg,b01d1f3f-72d7-42a8-ae8b-a273bed5be0a,2020-07-06,5.0
Chaource fermier AOP,Vache,Molle à croûte fleurie,https://www.laboitedufromager.com/fromage/chaource/,"Le Chaource est un fromage à pâte molle à croûte fleurie fabriqué à base de lait de vache entier. On le reconnait à sa croûte duveteuse de couleur blanche recouverte de petites moisissures blanches. Lorsqu’il est affiné, ce fromage laisse apparaître des tâches orangées. Sa pâte fine homogène révèle au toucher un côté souple et plutôt ferme. En bouche, la pâte du Chaource est fondante légèrement salée avec une pointe d’acidité et des arômes de crème, de champignon frais et de noisette. À l’odeur, il délivre aussi ces arômes de crème et de champignons frais. Au niveau des matières grasses, il en contient au moins 25 %. On retrouve le Chaource sous deux formats, tous les deux cylindriques. L’un totalise un poids d’environ 800 g et l’autre plus modeste fait à peu près 250 g. Depuis 1970, ce fromage bénéficie d’une Appellation d’Origine Contrôlée et depuis 1996 d’une Appellation d’Origine Protégée. Prix à la demi-pièce : 6,50€",4.13,31.0,6.5,Chaource-fermier2_600600.jpg,bb8e777f-b198-43e2-b219-4a19ab98bf01,2021-05-06,4.0
Charolais AOP,Chèvre,Molle à croûte naturelle,https://www.laboitedufromager.com/fromage/le-charolais/,"Le Charolais est fabriqué avec du lait cru de chèvre dans une zone qui s’étend dans un rayon de 60 km autour de la commune de Charolles, dans le Beaujolais. Il a une forme cylindrique et est un produit fermier. Il a une pâte de couleur crème, avec une texture sèche et cassante. Des tâches principalement de pénicillium bleu peuvent apparaître en cours d’affinage. Au nez, le charolais a un parfum de cave, avec une odeur de sous-bois et de champignons. En bouche, il a des saveurs douces et lactiques lorsqu’il est jeune et des arômes végétaux lorsqu’il est plus vieux. Son poids est compris entre 250 et 310 grammes après un affinage minimum de 16 jours. Ce qui en fait l’un des plus gros fromages de chèvre et un fromage de garde par excellence. Le charolais contient environ 28 % de matière grasse sur produit fini. Prix à la Pièce : 9,80 €",3.75,12.0,9.8,Charolais_2-1_600600.jpg,978ad6fe-91cd-4678-a682-27bbebfda73a,2021-10-15,1.0
Charolais AOP,Chèvre,Molle à croûte naturelle,https://www.laboitedufromager.com/fromage/le-charolais/,"Le Charolais est fabriqué avec du lait cru de chèvre dans une zone qui s’étend dans un rayon de 60 km autour de la commune de Charolles, dans le Beaujolais. Il a une forme cylindrique et est un produit fermier. Il a une pâte de couleur crème, avec une texture sèche et cassante. Des tâches principalement de pénicillium bleu peuvent apparaître en cours d’affinage. Au nez, le charolais a un parfum de cave, avec une odeur de sous-bois et de champignons. En bouche, il a des saveurs douces et lactiques lorsqu’il est jeune et des arômes végétaux lorsqu’il est plus vieux. Son poids est compris entre 250 et 310 grammes après un affinage minimum de 16 jours. Ce qui en fait l’un des plus gros fromages de chèvre et un fromage de garde par excellence. Le charolais contient environ 28 % de matière grasse sur produit fini. Prix à la Pièce : 9,80 €",3.75,12.0,9.8,Charolais_2-1_600600.jpg,9aaf0fb3-e4e5-4fc6-bd01-74f3b4e3da51,2021-12-20,1.0
Charolais AOP,Chèvre,Molle à croûte naturelle,https://www.laboitedufromager.com/fromage/le-charolais/,"Le Charolais est fabriqué avec du lait cru de chèvre dans une zone qui s’étend dans un rayon de 60 km autour de la commune de Charolles, dans le Beaujolais. Il a une forme cylindrique et est un produit fermier. Il a une pâte de couleur crème, avec une texture sèche et cassante. Des tâches principalement de pénicillium bleu peuvent apparaître en cours d’affinage. Au nez, le charolais a un parfum de cave, avec une odeur de sous-bois et de champignons. En bouche, il a des saveurs douces et lactiques lorsqu’il est jeune et des arômes végétaux lorsqu’il est plus vieux. Son poids est compris entre 250 et 310 grammes après un affinage minimum de 16 jours. Ce qui en fait l’un des plus gros fromages de chèvre et un fromage de garde par excellence. Le charolais contient environ 28 % de matière grasse sur produit fini. Prix à la Pièce : 9,80 €",3.75,12.0,9.8,Charolais_2-1_600600.jpg,331ec11c-ea50-4961-9bd1-ea100ef56d98,2021-10-10,5.0
Charolais AOP,Chèvre,Molle à croûte naturelle,https://www.laboitedufromager.com/fromage/le-charolais/,"Le Charolais est fabriqué avec du lait cru de chèvre dans une zone qui s’étend dans un rayon de 60 km autour de la commune de Charolles, dans le Beaujolais. Il a une forme cylindrique et est un produit fermier. Il a une pâte de couleur crème, avec une texture sèche et cassante. Des tâches principalement de pénicillium bleu peuvent apparaître en cours d’affinage. Au nez, le charolais a un parfum de cave, avec une odeur de sous-bois et de champignons. En bouche, il a des saveurs douces et lactiques lorsqu’il est jeune et des arômes végétaux lorsqu’il est plus vieux. Son poids est compris entre 250 et 310 grammes après un affinage minimum de 16 jours. Ce qui en fait l’un des plus gros fromages de chèvre et un fromage de garde par excellence. Le charolais contient environ 28 % de matière grasse sur produit fini. Prix à la Pièce : 9,80 €",3.75,12.0,9.8,Charolais_2-1_600600.jpg,30cd57aa-97a0-4143-b5ce-f2a0e05c2947,2021-11-20,1.0
Chartreux,Vache,Pressée non cuite,https://www.laboitedufromager.com/fromage/chartreux/,"Le Chartreux est un fromage à pâte pressée non cuite, au lait de vache. Il est fabriqué en Savoie. Il est très bon en Raclette. Prix au kilo : 31 € (soit 9,30 € les 300g)",4.33,3.0,9.3,Chartreux_2J_600600L.jpg,c404a62b-c5c1-41fa-9454-b7d51349e411,2021-05-28,3.0
Chartreux,Vache,Pressée non cuite,https://www.laboitedufromager.com/fromage/chartreux/,"Le Chartreux est un fromage à pâte pressée non cuite, au lait de vache. Il est fabriqué en Savoie. Il est très bon en Raclette. Prix au kilo : 31 € (soit 9,30 € les 300g)",4.33,3.0,9.3,Chartreux_2J_600600L.jpg,3364a354-1d78-45a5-bae6-1eeb6a86e7d5,2020-12-23,3.0
Chartreux,Vache,Pressée non cuite,https://www.laboitedufromager.com/fromage/chartreux/,"Le Chartreux est un fromage à pâte pressée non cuite, au lait de vache. Il est fabriqué en Savoie. Il est très bon en Raclette. Prix au kilo : 31 € (soit 9,30 € les 300g)",4.33,3.0,9.3,Chartreux_2J_600600L.jpg,a159c751-fab1-4245-81f5-084ae219f6f7,2020-09-01,1.0
Château Noir roulé dans la cendre,Vache,Pressée non cuite,https://www.laboitedufromager.com/fromage/chateau-noir-roule-dans-la-cendre/,"La Tomme Château Noir est un fromage à pâte pressée non cuite, au lait cru de vache. Prix au Kilo : 26,90 € (Soit 8,07 € les 300g)",5.0,1.0,8.07,Chateau_Noir_1_OK_600600.jpg,5a6cb2da-fc8b-48de-a760-4992c4b3e69c,2020-11-03,1.0
Cheddar,Vache,Pressée non cuite,https://www.laboitedufromager.com/fromage/cheddar/,"Le Cheddar est un fromage à pâte pressée non cuite, au lait de vache. Il est fabriquée dans le Sud-Ouest de l’Angleterre. Prix au kilo : 69 € (soit 17,25 € les 250g)",3.8,5.0,17.25,Cheddar_1_OK_600600.jpg,496887e3-8886-4282-9582-a0c0c15f3cd6,2021-07-03,5.0
Cheddar,Vache,Pressée non cuite,https://www.laboitedufromager.com/fromage/cheddar/,"Le Cheddar est un fromage à pâte pressée non cuite, au lait de vache. Il est fabriquée dans le Sud-Ouest de l’Angleterre. Prix au kilo : 69 € (soit 17,25 € les 250g)",3.8,5.0,17.25,Cheddar_1_OK_600600.jpg,270706a8-4dfa-4748-8e62-aa5f8a41b22d,2021-07-31,3.0
Cheddar,Vache,Pressée non cuite,https://www.laboitedufromager.com/fromage/cheddar/,"Le Cheddar est un fromage à pâte pressée non cuite, au lait de vache. Il est fabriquée dans le Sud-Ouest de l’Angleterre. Prix au kilo : 69 € (soit 17,25 € les 250g)",3.8,5.0,17.25,Cheddar_1_OK_600600.jpg,5f9a803a-ed46-4229-8ae0-caa0f943aced,2020-07-31,4.0
Cheddar,Vache,Pressée non cuite,https://www.laboitedufromager.com/fromage/cheddar/,"Le Cheddar est un fromage à pâte pressée non cuite, au lait de vache. Il est fabriquée dans le Sud-Ouest de l’Angleterre. Prix au kilo : 69 € (soit 17,25 € les 250g)",3.8,5.0,17.25,Cheddar_1_OK_600600.jpg,4c45466e-bf5e-428f-b7bc-4ed4356b55d4,2021-05-31,2.0
Cheddar Extra-Mature,Vache,Pressée non cuite,https://www.laboitedufromager.com/fromage/cheddar-extra-mature/,"L’Extra-Mature Cheddar est un fromage à base de lait cru de vache de forme cylindrique avec 35 à 40 cm de hauteur. Il pèse environ 30 à 35 kg et sa teneur en matières grasses est de 32 %. Affiné dans une toile pendant au moins 18 mois, il a un goût très prononcé, mais bien équilibré. Ce fromage dévoile entre autres des notes plus torréfiées de café ou de cacao ainsi que de beurre et un léger goût de noisette en bouche. Quant à sa pâte, elle est pressée non cuite, ferme et friable qui révèle alors une texture unique capable de surprendre le palais. En effet, ce fromage présente des petits cristaux tout en restant crémeux et croustillant. Fermier, l’Extra-Mature Cheddar est de couleur jaune pâle, étant donné qu’on n’y rajoute aucun colorant alimentaire. Par contre, s’il est industriel, ce fromage est coloré à l’annatto (extrait d’un arbre tropical) ou au rocou (fruit d’un arbuste) qui lui donne une couleur orangée. Prix au kilo : 29,90 € / Kg (soit  8,97€ les 300g)",4.33,21.0,8.97,extra-mature-cheddar.jpg,e4935506-6578-42f7-b62a-d144ebdb1c29,2021-10-22,1.0
Cheddar Extra-Mature,Vache,Pressée non cuite,https://www.laboitedufromager.com/fromage/cheddar-extra-mature/,"L’Extra-Mature Cheddar est un fromage à base de lait cru de vache de forme cylindrique avec 35 à 40 cm de hauteur. Il pèse environ 30 à 35 kg et sa teneur en matières grasses est de 32 %. Affiné dans une toile pendant au moins 18 mois, il a un goût très prononcé, mais bien équilibré. Ce fromage dévoile entre autres des notes plus torréfiées de café ou de cacao ainsi que de beurre et un léger goût de noisette en bouche. Quant à sa pâte, elle est pressée non cuite, ferme et friable qui révèle alors une texture unique capable de surprendre le palais. En effet, ce fromage présente des petits cristaux tout en restant crémeux et croustillant. Fermier, l’Extra-Mature Cheddar est de couleur jaune pâle, étant donné qu’on n’y rajoute aucun colorant alimentaire. Par contre, s’il est industriel, ce fromage est coloré à l’annatto (extrait d’un arbre tropical) ou au rocou (fruit d’un arbuste) qui lui donne une couleur orangée. Prix au kilo : 29,90 € / Kg (soit  8,97€ les 300g)",4.33,21.0,8.97,extra-mature-cheddar.jpg,8396736d-e94e-4603-811d-5c580f11ddb1,2021-07-02,3.0
Cheddar Little Black Bomber,Vache,Pressée non cuite,https://www.laboitedufromager.com/fromage/cheddar-little-black-bomber/,"Le Cheddar est un fromage à pâte pressée non cuite, au lait de vache. Il est fabriqué au Pays de Galles. Prix à la pièce : 8,50 € la pièce de 200g",4.16,25.0,8.5,Little-Black-Bomber-coupe_JL_600600.jpg,a77eeaba-8027-4f6c-997d-7e20fe2c2d3e,2021-09-22,3.0
Cheddar Little Black Bomber,Vache,Pressée non cuite,https://www.laboitedufromager.com/fromage/cheddar-little-black-bomber/,"Le Cheddar est un fromage à pâte pressée non cuite, au lait de vache. Il est fabriqué au Pays de Galles. Prix à la pièce : 8,50 € la pièce de 200g",4.16,25.0,8.5,Little-Black-Bomber-coupe_JL_600600.jpg,49fcf3b8-e4cc-42fb-bc1e-e54b2170b695,2020-02-05,3.0
Cheddar Little Black Bomber,Vache,Pressée non cuite,https://www.laboitedufromager.com/fromage/cheddar-little-black-bomber/,"Le Cheddar est un fromage à pâte pressée non cuite, au lait de vache. Il est fabriqué au Pays de Galles. Prix à la pièce : 8,50 € la pièce de 200g",4.16,25.0,8.5,Little-Black-Bomber-coupe_JL_600600.jpg,f4d93aa3-6ae4-4434-846c-be8b4d94ec19,2021-04-03,3.0
Cheddar Little Black Bomber,Vache,Pressée non cuite,https://www.laboitedufromager.com/fromage/cheddar-little-black-bomber/,"Le Cheddar est un fromage à pâte pressée non cuite, au lait de vache. Il est fabriqué au Pays de Galles. Prix à la pièce : 8,50 € la pièce de 200g",4.16,25.0,8.5,Little-Black-Bomber-coupe_JL_600600.jpg,a44141b8-528a-48d8-a982-3a450ad98dec,2020-12-23,2.0
Cheddar Little Black Bomber,Vache,Pressée non cuite,https://www.laboitedufromager.com/fromage/cheddar-little-black-bomber/,"Le Cheddar est un fromage à pâte pressée non cuite, au lait de vache. Il est fabriqué au Pays de Galles. Prix à la pièce : 8,50 € la pièce de 200g",4.16,25.0,8.5,Little-Black-Bomber-coupe_JL_600600.jpg,045951a5-7e63-438a-9a21-6ea02e113234,2020-10-24,3.0
Chèvre cendré de Cocumont,Chèvre,Molle à croûte naturelle,https://www.laboitedufromager.com/fromage/crottin-de-cocumont-cendre/,"Le Crottin Fermier de Cocumont cendré est un fromage frais au lait entier de chèvre. Sa pâte blanche est recouverte d’une croûte noir, cendrée, fine. Prix à la Pièce : 5 €",4.45,11.0,5.0,Crottin-cendre-de-cocumont_3_centre-2_600600.jpg,b5ca9fc4-83f7-4021-babb-9f658fce3d25,2021-10-16,4.0
Chèvre cendré de Cocumont,Chèvre,Molle à croûte naturelle,https://www.laboitedufromager.com/fromage/crottin-de-cocumont-cendre/,"Le Crottin Fermier de Cocumont cendré est un fromage frais au lait entier de chèvre. Sa pâte blanche est recouverte d’une croûte noir, cendrée, fine. Prix à la Pièce : 5 €",4.45,11.0,5.0,Crottin-cendre-de-cocumont_3_centre-2_600600.jpg,c388d2df-907c-4dce-9d40-d811807ab548,2021-04-04,4.0
Chèvre cendré de Cocumont,Chèvre,Molle à croûte naturelle,https://www.laboitedufromager.com/fromage/crottin-de-cocumont-cendre/,"Le Crottin Fermier de Cocumont cendré est un fromage frais au lait entier de chèvre. Sa pâte blanche est recouverte d’une croûte noir, cendrée, fine. Prix à la Pièce : 5 €",4.45,11.0,5.0,Crottin-cendre-de-cocumont_3_centre-2_600600.jpg,e3c59004-777b-4615-88a7-f3c063df9ee5,2020-08-18,1.0
Chèvre cendré de Cocumont,Chèvre,Molle à croûte naturelle,https://www.laboitedufromager.com/fromage/crottin-de-cocumont-cendre/,"Le Crottin Fermier de Cocumont cendré est un fromage frais au lait entier de chèvre. Sa pâte blanche est recouverte d’une croûte noir, cendrée, fine. Prix à la Pièce : 5 €",4.45,11.0,5.0,Crottin-cendre-de-cocumont_3_centre-2_600600.jpg,071ebc54-b8ae-43db-9e54-043cf1308d56,2020-12-13,2.0
Chèvre cendré de Cocumont,Chèvre,Molle à croûte naturelle,https://www.laboitedufromager.com/fromage/crottin-de-cocumont-cendre/,"Le Crottin Fermier de Cocumont cendré est un fromage frais au lait entier de chèvre. Sa pâte blanche est recouverte d’une croûte noir, cendrée, fine. Prix à la Pièce : 5 €",4.45,11.0,5.0,Crottin-cendre-de-cocumont_3_centre-2_600600.jpg,b2ffd08b-fd74-4022-a437-fa003d88a810,2020-07-05,3.0
Chevrillon,Chèvre,Molle à croûte naturelle,https://www.laboitedufromager.com/fromage/chevrillon/,"Le Chevrillon est un fromage de chèvre à croûte naturelle, à pâte molle, sur lequel vous pouvez apercevoir  une légère moisissure. Il est fabriqué à partir de lait cru de chèvre. Prix à la Pièce : 6,90 €",4.29,7.0,7.9,Chevrillon_3-OKjlm_600600.jpg,b4bda5c7-4ef9-4234-9d5c-b7c663702c4f,2021-09-22,5.0
Chevrillon,Chèvre,Molle à croûte naturelle,https://www.laboitedufromager.com/fromage/chevrillon/,"Le Chevrillon est un fromage de chèvre à croûte naturelle, à pâte molle, sur lequel vous pouvez apercevoir  une légère moisissure. Il est fabriqué à partir de lait cru de chèvre. Prix à la Pièce : 6,90 €",4.29,7.0,7.9,Chevrillon_3-OKjlm_600600.jpg,b129aec7-f938-446f-af64-b9c2a461d6c1,2021-04-04,4.0
Chevrillon,Chèvre,Molle à croûte naturelle,https://www.laboitedufromager.com/fromage/chevrillon/,"Le Chevrillon est un fromage de chèvre à croûte naturelle, à pâte molle, sur lequel vous pouvez apercevoir  une légère moisissure. Il est fabriqué à partir de lait cru de chèvre. Prix à la Pièce : 6,90 €",4.29,7.0,7.9,Chevrillon_3-OKjlm_600600.jpg,7877a7db-1c8e-4c55-92e2-f51242643e22,2020-11-14,3.0
Chevrotin des Aravis,Chèvre,Pressée non cuite,NULL,NULL,NULL,NULL,NULL,NULL,9b7b1efc-ccb1-4224-8f8c-147644d61f2c,2020-11-12,2.0
Coeur cendré,Chèvre,Pâte molle à croûte naturelle,https://www.laboitedufromager.com/fromage/coeur-cendre/,"Le cœur cendré est un fromage de chèvre au lait cru de chèvre, fabriqué par Johnny Blanc à Parthenay. Prix à la pièce : 8,50 €",4.23,13.0,8.5,Coeur_cendre_1_JL-600600.jpg,5d76bad1-71e4-4933-9cb0-03f7c3fb64fd,2021-12-30,4.0
Coeur cendré,Chèvre,Pâte molle à croûte naturelle,https://www.laboitedufromager.com/fromage/coeur-cendre/,"Le cœur cendré est un fromage de chèvre au lait cru de chèvre, fabriqué par Johnny Blanc à Parthenay. Prix à la pièce : 8,50 €",4.23,13.0,8.5,Coeur_cendre_1_JL-600600.jpg,3b76b312-d350-4845-ba95-4762bff1f629,2020-08-19,5.0
Coeur d’Alvignac,Chèvre,Pâte molle à croûte naturelle,https://www.laboitedufromager.com/fromage/coeur-dalvignac/,"Le Coeur d’Alvignac est un fromage à croûte naturelle, à pâte molle, fabriqué à partir de lait cru de chèvre. Prix à la Pièce : 5 €",4.0,2.0,5.0,Coeur-Alvignac_600600.jpg,f6baf8ec-2499-4b8a-9639-c8406e969d44,2021-12-19,1.0
Coeur d’Alvignac,Chèvre,Pâte molle à croûte naturelle,https://www.laboitedufromager.com/fromage/coeur-dalvignac/,"Le Coeur d’Alvignac est un fromage à croûte naturelle, à pâte molle, fabriqué à partir de lait cru de chèvre. Prix à la Pièce : 5 €",4.0,2.0,5.0,Coeur-Alvignac_600600.jpg,b71f7fc6-565e-4ab9-911a-e81fa65e5ebb,2020-07-24,3.0
Coeur d’Alvignac,Chèvre,Pâte molle à croûte naturelle,https://www.laboitedufromager.com/fromage/coeur-dalvignac/,"Le Coeur d’Alvignac est un fromage à croûte naturelle, à pâte molle, fabriqué à partir de lait cru de chèvre. Prix à la Pièce : 5 €",4.0,2.0,5.0,Coeur-Alvignac_600600.jpg,73613ee4-dc5a-47a3-bacd-c05a04c56dc6,2020-07-11,3.0
Cœur de chèvre,Chèvre,Pâte molle à croûte naturelle,https://www.laboitedufromager.com/fromage/coeur-de-chevre/,"Le Coeur de Chèvre est un fromage à croûte naturelle, à pâte molle, fabriqué à partir de lait cru de chèvre. Prix à la Pièce : 4 €",4.6,5.0,4.0,Coeur-de-chevre_2a_600600.jpg,24b4e699-b502-4d49-9bc2-fc560f352874,2020-04-17,3.0
Cœur de chèvre,Chèvre,Pâte molle à croûte naturelle,https://www.laboitedufromager.com/fromage/coeur-de-chevre/,"Le Coeur de Chèvre est un fromage à croûte naturelle, à pâte molle, fabriqué à partir de lait cru de chèvre. Prix à la Pièce : 4 €",4.6,5.0,4.0,Coeur-de-chevre_2a_600600.jpg,e5c0624c-fc90-4866-b48c-f897597972d7,2020-09-21,1.0
Cœur de chèvre,Chèvre,Pâte molle à croûte naturelle,https://www.laboitedufromager.com/fromage/coeur-de-chevre/,"Le Coeur de Chèvre est un fromage à croûte naturelle, à pâte molle, fabriqué à partir de lait cru de chèvre. Prix à la Pièce : 4 €",4.6,5.0,4.0,Coeur-de-chevre_2a_600600.jpg,a9c6d2c5-4e15-462f-9f23-8b22efe1d451,2021-11-22,3.0
Cœur de chèvre,Chèvre,Pâte molle à croûte naturelle,https://www.laboitedufromager.com/fromage/coeur-de-chevre/,"Le Coeur de Chèvre est un fromage à croûte naturelle, à pâte molle, fabriqué à partir de lait cru de chèvre. Prix à la Pièce : 4 €",4.6,5.0,4.0,Coeur-de-chevre_2a_600600.jpg,c8789836-a51d-413d-9a1c-245567a5bce2,2021-03-21,4.0
Cœur de Savoie,Vache,Pressée non cuite,https://www.laboitedufromager.com/fromage/coeur-de-savoie/,"Le Coeur de Savoie est un fromage fabriqué en Haute-Savoie, à pâte pressée cuite. Prix au Kilo : 31 € (Soit 9,30 € les 300g)",4.12,17.0,9.3,Coeur-de-savoie_600600.png,c24e9e59-86a0-4379-9faf-a9a13e000e6d,2020-09-25,5.0
Cœur de Savoie,Vache,Pressée non cuite,https://www.laboitedufromager.com/fromage/coeur-de-savoie/,"Le Coeur de Savoie est un fromage fabriqué en Haute-Savoie, à pâte pressée cuite. Prix au Kilo : 31 € (Soit 9,30 € les 300g)",4.12,17.0,9.3,Coeur-de-savoie_600600.png,79801131-4273-4a42-895a-260660ba8cd7,2021-10-24,4.0
Cœur de Savoie,Vache,Pressée non cuite,https://www.laboitedufromager.com/fromage/coeur-de-savoie/,"Le Coeur de Savoie est un fromage fabriqué en Haute-Savoie, à pâte pressée cuite. Prix au Kilo : 31 € (Soit 9,30 € les 300g)",4.12,17.0,9.3,Coeur-de-savoie_600600.png,d52e9d5c-7948-4521-a259-311481c84bda,2020-10-03,4.0
Cœur de Savoie,Vache,Pressée non cuite,https://www.laboitedufromager.com/fromage/coeur-de-savoie/,"Le Coeur de Savoie est un fromage fabriqué en Haute-Savoie, à pâte pressée cuite. Prix au Kilo : 31 € (Soit 9,30 € les 300g)",4.12,17.0,9.3,Coeur-de-savoie_600600.png,5e4d3e0c-9fd4-425d-a2a7-8d0456e12fa1,2020-02-24,1.0
Cœur Gourmand Figue,Chèvre,Molle à croûte naturelle,https://www.laboitedufromager.com/fromage/coeur-gourmand-figue/,"Le Cœur gourmand figue est un fromage à pâte molle et à croûte naturelle qui est produit dans la région de la Nouvelle Aquitaine, notamment dans le département de la Dordogne. Ce fromage très particulier est fabriqué à partir de lait pasteurisé de chèvre. Il s’agit d’une production de la Fromagerie du Chêne Verte qui se situe en plein Périgord vert, à Saint-Front sur Nizonne. Le Cœur gourmand figue prend la forme d’un disque, dont le poids fait environ 80 g et dont la teneur en matières grasses est de 12 % sur un produit fini. Ce fromage délivre des saveurs uniques en bouche mariant particulièrement le salé et le sucré. Ainsi, lors de votre dégustation, vous serez en mesure de sentir la finesse du fromage de chèvre et toute la gourmandise d’une préparation à la figue avec une texture fondante et un goût légèrement salé. D’autres parfums de fruits vous sont également proposés par la fromagerie. Prix à la pièce : 3,50 €",NULL,NULL,3.5,coeur-gourmand-figue.jpg,66452aca-9b48-4eaf-b3a5-c02d1afc87cc,2021-06-04,3.0
Cœur Gourmand Figue,Chèvre,Molle à croûte naturelle,https://www.laboitedufromager.com/fromage/coeur-gourmand-figue/,"Le Cœur gourmand figue est un fromage à pâte molle et à croûte naturelle qui est produit dans la région de la Nouvelle Aquitaine, notamment dans le département de la Dordogne. Ce fromage très particulier est fabriqué à partir de lait pasteurisé de chèvre. Il s’agit d’une production de la Fromagerie du Chêne Verte qui se situe en plein Périgord vert, à Saint-Front sur Nizonne. Le Cœur gourmand figue prend la forme d’un disque, dont le poids fait environ 80 g et dont la teneur en matières grasses est de 12 % sur un produit fini. Ce fromage délivre des saveurs uniques en bouche mariant particulièrement le salé et le sucré. Ainsi, lors de votre dégustation, vous serez en mesure de sentir la finesse du fromage de chèvre et toute la gourmandise d’une préparation à la figue avec une texture fondante et un goût légèrement salé. D’autres parfums de fruits vous sont également proposés par la fromagerie. Prix à la pièce : 3,50 €",NULL,NULL,3.5,coeur-gourmand-figue.jpg,d7115c31-c5b5-433b-a058-421e63b45114,2020-02-19,2.0
Cœur Gourmand Figue,Chèvre,Molle à croûte naturelle,https://www.laboitedufromager.com/fromage/coeur-gourmand-figue/,"Le Cœur gourmand figue est un fromage à pâte molle et à croûte naturelle qui est produit dans la région de la Nouvelle Aquitaine, notamment dans le département de la Dordogne. Ce fromage très particulier est fabriqué à partir de lait pasteurisé de chèvre. Il s’agit d’une production de la Fromagerie du Chêne Verte qui se situe en plein Périgord vert, à Saint-Front sur Nizonne. Le Cœur gourmand figue prend la forme d’un disque, dont le poids fait environ 80 g et dont la teneur en matières grasses est de 12 % sur un produit fini. Ce fromage délivre des saveurs uniques en bouche mariant particulièrement le salé et le sucré. Ainsi, lors de votre dégustation, vous serez en mesure de sentir la finesse du fromage de chèvre et toute la gourmandise d’une préparation à la figue avec une texture fondante et un goût légèrement salé. D’autres parfums de fruits vous sont également proposés par la fromagerie. Prix à la pièce : 3,50 €",NULL,NULL,3.5,coeur-gourmand-figue.jpg,cc363f93-fd73-4392-8bca-8ce33db4fc71,2020-12-06,4.0
Cœur Gourmand Figue,Chèvre,Molle à croûte naturelle,https://www.laboitedufromager.com/fromage/coeur-gourmand-figue/,"Le Cœur gourmand figue est un fromage à pâte molle et à croûte naturelle qui est produit dans la région de la Nouvelle Aquitaine, notamment dans le département de la Dordogne. Ce fromage très particulier est fabriqué à partir de lait pasteurisé de chèvre. Il s’agit d’une production de la Fromagerie du Chêne Verte qui se situe en plein Périgord vert, à Saint-Front sur Nizonne. Le Cœur gourmand figue prend la forme d’un disque, dont le poids fait environ 80 g et dont la teneur en matières grasses est de 12 % sur un produit fini. Ce fromage délivre des saveurs uniques en bouche mariant particulièrement le salé et le sucré. Ainsi, lors de votre dégustation, vous serez en mesure de sentir la finesse du fromage de chèvre et toute la gourmandise d’une préparation à la figue avec une texture fondante et un goût légèrement salé. D’autres parfums de fruits vous sont également proposés par la fromagerie. Prix à la pièce : 3,50 €",NULL,NULL,3.5,coeur-gourmand-figue.jpg,51c7273b-502e-4621-b697-ece6544258ac,2021-07-05,3.0
Cœur Gourmand Figue,Chèvre,Molle à croûte naturelle,https://www.laboitedufromager.com/fromage/coeur-gourmand-figue/,"Le Cœur gourmand figue est un fromage à pâte molle et à croûte naturelle qui est produit dans la région de la Nouvelle Aquitaine, notamment dans le département de la Dordogne. Ce fromage très particulier est fabriqué à partir de lait pasteurisé de chèvre. Il s’agit d’une production de la Fromagerie du Chêne Verte qui se situe en plein Périgord vert, à Saint-Front sur Nizonne. Le Cœur gourmand figue prend la forme d’un disque, dont le poids fait environ 80 g et dont la teneur en matières grasses est de 12 % sur un produit fini. Ce fromage délivre des saveurs uniques en bouche mariant particulièrement le salé et le sucré. Ainsi, lors de votre dégustation, vous serez en mesure de sentir la finesse du fromage de chèvre et toute la gourmandise d’une préparation à la figue avec une texture fondante et un goût légèrement salé. D’autres parfums de fruits vous sont également proposés par la fromagerie. Prix à la pièce : 3,50 €",NULL,NULL,3.5,coeur-gourmand-figue.jpg,01d6a58a-ec3c-485e-be9b-9bd7f9f49bed,2021-07-06,4.0
Colombier des Aillons,Vache,Pressée non cuite,https://www.laboitedufromager.com/fromage/colombier-des-aillons/,"Le Colombier  des Aillons est un fromage à pâte pressée non cuite, au lait cru mixte de vache et de chèvre. Prix au Kilo : 28 € (Soit 8,40 € les 300g)",NULL,NULL,8.4,Colombier_Aillons_2-1_600600.jpg,ddfb51e7-e28f-4caa-a262-1e5a15caa6a1,2021-12-22,5.0
Colombier des Aillons,Vache,Pressée non cuite,https://www.laboitedufromager.com/fromage/colombier-des-aillons/,"Le Colombier  des Aillons est un fromage à pâte pressée non cuite, au lait cru mixte de vache et de chèvre. Prix au Kilo : 28 € (Soit 8,40 € les 300g)",NULL,NULL,8.4,Colombier_Aillons_2-1_600600.jpg,93e22f64-6099-45c6-a655-7353ffb93315,2020-05-20,1.0
Colombier des Aillons,Vache,Pressée non cuite,https://www.laboitedufromager.com/fromage/colombier-des-aillons/,"Le Colombier  des Aillons est un fromage à pâte pressée non cuite, au lait cru mixte de vache et de chèvre. Prix au Kilo : 28 € (Soit 8,40 € les 300g)",NULL,NULL,8.4,Colombier_Aillons_2-1_600600.jpg,cf97e00e-cf4f-4061-9a69-12781a7219a4,2021-06-19,4.0
Colombier des Aillons,Vache,Pressée non cuite,https://www.laboitedufromager.com/fromage/colombier-des-aillons/,"Le Colombier  des Aillons est un fromage à pâte pressée non cuite, au lait cru mixte de vache et de chèvre. Prix au Kilo : 28 € (Soit 8,40 € les 300g)",NULL,NULL,8.4,Colombier_Aillons_2-1_600600.jpg,066b9baf-9030-43e9-8a5f-4585362ab339,2020-07-24,5.0
Colombier des Aillons,Vache,Pressée non cuite,https://www.laboitedufromager.com/fromage/colombier-des-aillons/,"Le Colombier  des Aillons est un fromage à pâte pressée non cuite, au lait cru mixte de vache et de chèvre. Prix au Kilo : 28 € (Soit 8,40 € les 300g)",NULL,NULL,8.4,Colombier_Aillons_2-1_600600.jpg,dd0db808-6b05-43b2-96af-eaa12971265f,2020-05-16,1.0
Colombier des Aillons,Vache,Pressée non cuite,https://www.laboitedufromager.com/fromage/colombier-des-aillons/,"Le Colombier  des Aillons est un fromage à pâte pressée non cuite, au lait cru mixte de vache et de chèvre. Prix au Kilo : 28 € (Soit 8,40 € les 300g)",NULL,NULL,8.4,Colombier_Aillons_2-1_600600.jpg,6a1e6ba4-443e-4958-beee-c69fa8856479,2021-08-05,4.0
Compostelle,Chèvre,Molle à croûte naturelle,https://www.laboitedufromager.com/fromage/le-compostelle/,"Ce fromage se distingue par sa forme très originale de coquille Saint Jacques. C’est un fromage au lait cru de chèvre de caillé lactique crée par la fromagerie Etoile du Quercy située dans le Lot, sur le chemin de Compostelle. Ce beau fromage est vendu exclusivement chez les crémiers fromagers. Prix à la pièce (110g) : 5,00 €",4.5,6.0,5.0,Compostelle600600.jpg,9f455c0c-d525-40d1-a6b6-afff0f2e8e1a,2020-05-07,2.0
Compostelle,Chèvre,Molle à croûte naturelle,https://www.laboitedufromager.com/fromage/le-compostelle/,"Ce fromage se distingue par sa forme très originale de coquille Saint Jacques. C’est un fromage au lait cru de chèvre de caillé lactique crée par la fromagerie Etoile du Quercy située dans le Lot, sur le chemin de Compostelle. Ce beau fromage est vendu exclusivement chez les crémiers fromagers. Prix à la pièce (110g) : 5,00 €",4.5,6.0,5.0,Compostelle600600.jpg,e6e49799-f458-4988-b16f-38dece9bc4fa,2020-06-28,4.0
Compostelle,Chèvre,Molle à croûte naturelle,https://www.laboitedufromager.com/fromage/le-compostelle/,"Ce fromage se distingue par sa forme très originale de coquille Saint Jacques. C’est un fromage au lait cru de chèvre de caillé lactique crée par la fromagerie Etoile du Quercy située dans le Lot, sur le chemin de Compostelle. Ce beau fromage est vendu exclusivement chez les crémiers fromagers. Prix à la pièce (110g) : 5,00 €",4.5,6.0,5.0,Compostelle600600.jpg,4d4197e2-125f-4002-964f-4a29e65b8208,2020-09-04,5.0
Comté AOP,Vache,Pressée cuite,https://www.laboitedufromager.com/fromage/comte-fruite/,"Le comté est un formage à pâte pressée cuite, fabriqué avec du lait de vache cru. Présenté en meule à talon convexe, il fait entre 50 à 80 cm de diamètre pour 10 cm d’épaisseur. Ce grand fromage pèse environ 45 kilos. Sa croûte frottée et grenée prend une couleur jaune dorée à brun. Elle cache une pâte souple et onctueuse, de couleur jaune pale en hiver et jaune plus intense en période de pâturage. Le comté est en effet affiné pendant au moins 4 mois, 12 à 36 mois, voire plus de 60 mois. Il en ressort un fromage d’un goût fruité au nez de fruits secs, dont la teneur en matière grasse est de 30 %. Le comté est un gros fournisseur de calcium, protéines et de sels minéraux. Prix au Kilo : Comté doux (12 Mois) : 25,50 €/Kg, Soit 7,65€ les 300g Comté fruité (16 Mois) : 32 €/Kg, soit 9,60€ les 300g Comté vieux (30 Mois) : 53,50 €/Kg, soit 16,05€ les 300g Comté très vieux (36 Mois) : 59,90 €/Kg, soit 17,97€ les 300g Comté exceptionnel (+ de 60 Mois) : 68,90 €/Kg, soit 20,67€ les 300g",4.8,15.0,NULL,Comte-Jeune_2_600600.jpg,b285411a-01eb-4781-acd1-67a1480fa9e2,2021-12-15,2.0
Comté AOP,Vache,Pressée cuite,https://www.laboitedufromager.com/fromage/comte-fruite/,"Le comté est un formage à pâte pressée cuite, fabriqué avec du lait de vache cru. Présenté en meule à talon convexe, il fait entre 50 à 80 cm de diamètre pour 10 cm d’épaisseur. Ce grand fromage pèse environ 45 kilos. Sa croûte frottée et grenée prend une couleur jaune dorée à brun. Elle cache une pâte souple et onctueuse, de couleur jaune pale en hiver et jaune plus intense en période de pâturage. Le comté est en effet affiné pendant au moins 4 mois, 12 à 36 mois, voire plus de 60 mois. Il en ressort un fromage d’un goût fruité au nez de fruits secs, dont la teneur en matière grasse est de 30 %. Le comté est un gros fournisseur de calcium, protéines et de sels minéraux. Prix au Kilo : Comté doux (12 Mois) : 25,50 €/Kg, Soit 7,65€ les 300g Comté fruité (16 Mois) : 32 €/Kg, soit 9,60€ les 300g Comté vieux (30 Mois) : 53,50 €/Kg, soit 16,05€ les 300g Comté très vieux (36 Mois) : 59,90 €/Kg, soit 17,97€ les 300g Comté exceptionnel (+ de 60 Mois) : 68,90 €/Kg, soit 20,67€ les 300g",4.8,15.0,NULL,Comte-Jeune_2_600600.jpg,7f27766a-b6b5-4988-8a92-0b459cc54ffe,2021-08-22,2.0
Comté AOP,Vache,Pressée cuite,https://www.laboitedufromager.com/fromage/comte-fruite/,"Le comté est un formage à pâte pressée cuite, fabriqué avec du lait de vache cru. Présenté en meule à talon convexe, il fait entre 50 à 80 cm de diamètre pour 10 cm d’épaisseur. Ce grand fromage pèse environ 45 kilos. Sa croûte frottée et grenée prend une couleur jaune dorée à brun. Elle cache une pâte souple et onctueuse, de couleur jaune pale en hiver et jaune plus intense en période de pâturage. Le comté est en effet affiné pendant au moins 4 mois, 12 à 36 mois, voire plus de 60 mois. Il en ressort un fromage d’un goût fruité au nez de fruits secs, dont la teneur en matière grasse est de 30 %. Le comté est un gros fournisseur de calcium, protéines et de sels minéraux. Prix au Kilo : Comté doux (12 Mois) : 25,50 €/Kg, Soit 7,65€ les 300g Comté fruité (16 Mois) : 32 €/Kg, soit 9,60€ les 300g Comté vieux (30 Mois) : 53,50 €/Kg, soit 16,05€ les 300g Comté très vieux (36 Mois) : 59,90 €/Kg, soit 17,97€ les 300g Comté exceptionnel (+ de 60 Mois) : 68,90 €/Kg, soit 20,67€ les 300g",4.8,15.0,NULL,Comte-Jeune_2_600600.jpg,2b087b97-f172-48b7-b94f-ed7456ccc0a1,2021-09-26,3.0
Comté AOP,Vache,Pressée cuite,https://www.laboitedufromager.com/fromage/comte-fruite/,"Le comté est un formage à pâte pressée cuite, fabriqué avec du lait de vache cru. Présenté en meule à talon convexe, il fait entre 50 à 80 cm de diamètre pour 10 cm d’épaisseur. Ce grand fromage pèse environ 45 kilos. Sa croûte frottée et grenée prend une couleur jaune dorée à brun. Elle cache une pâte souple et onctueuse, de couleur jaune pale en hiver et jaune plus intense en période de pâturage. Le comté est en effet affiné pendant au moins 4 mois, 12 à 36 mois, voire plus de 60 mois. Il en ressort un fromage d’un goût fruité au nez de fruits secs, dont la teneur en matière grasse est de 30 %. Le comté est un gros fournisseur de calcium, protéines et de sels minéraux. Prix au Kilo : Comté doux (12 Mois) : 25,50 €/Kg, Soit 7,65€ les 300g Comté fruité (16 Mois) : 32 €/Kg, soit 9,60€ les 300g Comté vieux (30 Mois) : 53,50 €/Kg, soit 16,05€ les 300g Comté très vieux (36 Mois) : 59,90 €/Kg, soit 17,97€ les 300g Comté exceptionnel (+ de 60 Mois) : 68,90 €/Kg, soit 20,67€ les 300g",4.8,15.0,NULL,Comte-Jeune_2_600600.jpg,3212c716-d58b-4666-849b-dbcc151a87e9,2021-12-29,3.0
Comté AOP,Vache,Pressée cuite,https://www.laboitedufromager.com/fromage/comte-fruite/,"Le comté est un formage à pâte pressée cuite, fabriqué avec du lait de vache cru. Présenté en meule à talon convexe, il fait entre 50 à 80 cm de diamètre pour 10 cm d’épaisseur. Ce grand fromage pèse environ 45 kilos. Sa croûte frottée et grenée prend une couleur jaune dorée à brun. Elle cache une pâte souple et onctueuse, de couleur jaune pale en hiver et jaune plus intense en période de pâturage. Le comté est en effet affiné pendant au moins 4 mois, 12 à 36 mois, voire plus de 60 mois. Il en ressort un fromage d’un goût fruité au nez de fruits secs, dont la teneur en matière grasse est de 30 %. Le comté est un gros fournisseur de calcium, protéines et de sels minéraux. Prix au Kilo : Comté doux (12 Mois) : 25,50 €/Kg, Soit 7,65€ les 300g Comté fruité (16 Mois) : 32 €/Kg, soit 9,60€ les 300g Comté vieux (30 Mois) : 53,50 €/Kg, soit 16,05€ les 300g Comté très vieux (36 Mois) : 59,90 €/Kg, soit 17,97€ les 300g Comté exceptionnel (+ de 60 Mois) : 68,90 €/Kg, soit 20,67€ les 300g",4.8,15.0,NULL,Comte-Jeune_2_600600.jpg,12111dd0-cd79-4871-8d7a-4432bfef12cb,2021-06-26,3.0
Comté AOP,Vache,Pressée cuite,https://www.laboitedufromager.com/fromage/comte-fruite/,"Le comté est un formage à pâte pressée cuite, fabriqué avec du lait de vache cru. Présenté en meule à talon convexe, il fait entre 50 à 80 cm de diamètre pour 10 cm d’épaisseur. Ce grand fromage pèse environ 45 kilos. Sa croûte frottée et grenée prend une couleur jaune dorée à brun. Elle cache une pâte souple et onctueuse, de couleur jaune pale en hiver et jaune plus intense en période de pâturage. Le comté est en effet affiné pendant au moins 4 mois, 12 à 36 mois, voire plus de 60 mois. Il en ressort un fromage d’un goût fruité au nez de fruits secs, dont la teneur en matière grasse est de 30 %. Le comté est un gros fournisseur de calcium, protéines et de sels minéraux. Prix au Kilo : Comté doux (12 Mois) : 25,50 €/Kg, Soit 7,65€ les 300g Comté fruité (16 Mois) : 32 €/Kg, soit 9,60€ les 300g Comté vieux (30 Mois) : 53,50 €/Kg, soit 16,05€ les 300g Comté très vieux (36 Mois) : 59,90 €/Kg, soit 17,97€ les 300g Comté exceptionnel (+ de 60 Mois) : 68,90 €/Kg, soit 20,67€ les 300g",4.8,15.0,NULL,Comte-Jeune_2_600600.jpg,8685497b-605c-49dd-9646-645c496e4b40,2021-11-17,5.0
Cosne du Morvan,Chèvre,Molle à croûte naturelle,https://www.laboitedufromager.com/fromage/cosne-du-morvan/,"Le Cosne du Morvan est un fromage à croûte naturelle, de forme conique, et fabriqué avec du lait cru de chèvre. Il s’agit d’un produit Fermier. Chaque cosne fait environ 1Kg, et se vend par quart. Prix au Kilo : 39,90 € / Kg (Soit 10,37 € le Quart (environ 260g))",4.0,1.0,10.37,Cosne_du_Morvan_4_OK_600600.jpg,675b27e1-4ad4-4834-8ca3-5f6a186164e5,2020-09-25,4.0
Cosne du Morvan,Chèvre,Molle à croûte naturelle,https://www.laboitedufromager.com/fromage/cosne-du-morvan/,"Le Cosne du Morvan est un fromage à croûte naturelle, de forme conique, et fabriqué avec du lait cru de chèvre. Il s’agit d’un produit Fermier. Chaque cosne fait environ 1Kg, et se vend par quart. Prix au Kilo : 39,90 € / Kg (Soit 10,37 € le Quart (environ 260g))",4.0,1.0,10.37,Cosne_du_Morvan_4_OK_600600.jpg,ab9ad504-fa65-44ef-b3bc-62b37c43b9aa,2020-05-26,1.0
Côte d’Or,Vache,Molle à croûte mi-fleurie et mi-lavée,https://www.laboitedufromager.com/fromage/cote-dor/,"Le fromage Côte d’Or provient de la Bourgogne–Franche-Comté, une région historique et administrative du nord de la France. Ce territoire gourmand concentre son savoir-faire fromager dans de nombreuses spécialités comme le fameux Côte d’Or. Fabriqué à partir de lait de vache entier, pasteurisé et riche en crème, le Côte d’Or fait partie des fromages à pâte molle à croûte mi-lavée et mi-fleurie. Avec des reflets jaune orangé et recouvert d’un léger voile blanc éclatant, ce fromage à la texture fondante sait charmer les amateurs de fromage… La pâte est crémeuse, mais le cœur est ferme et friable. Le Côte d’Or dégage une odeur intense, incomparable et typée. Délicat en bouche, son goût oscille entre le Chaource, le Langres et la Soumaintrain. Pesant 150 g, le Côte d’Or contient 27 % de matières grasses. Prix à la pièce : 6,90€",4.6,5.0,6.9,cote-dor_JL.jpg,4c8d0184-7aaa-4ce9-9df4-45535965fd66,2021-06-17,2.0
Coulommiers,Vache,Molle à croûte fleurie,https://www.laboitedufromager.com/fromage/coulommiers/,"Le Coulommiers est un fromage au lait cru de vache, à pâte molle (non pressée et non cuite), à la croûte fleurie, blanche et duveteuse, mais aussi parsemée de petits points rougeâtres. Sa pâte est jaune et paille. Il prend la forme d’un disque de 15 cm de diamètre et de 3 cm d’épaisseur, avec un poids de 500 g. C’est un fromage énergétique et riche en lipides. Il renferme des vitamines telles que la vitamine A, B, C26, et K. De plus, le Coulommiers est constitué de 50 % de matières grasses. Sa consommation se fait à cœur et à la dégustation, celui-ci révèle un goût de terroir prononcé, identique au Brie de Melun ou au Montereau. Prix à la Pièce de 350g : 12,90€",4.5,18.0,12.9,Coulommiers_6006002.jpg,e3426eb0-bad9-428c-88ed-f7d85667adc4,2020-08-06,5.0
Coulommiers,Vache,Molle à croûte fleurie,https://www.laboitedufromager.com/fromage/coulommiers/,"Le Coulommiers est un fromage au lait cru de vache, à pâte molle (non pressée et non cuite), à la croûte fleurie, blanche et duveteuse, mais aussi parsemée de petits points rougeâtres. Sa pâte est jaune et paille. Il prend la forme d’un disque de 15 cm de diamètre et de 3 cm d’épaisseur, avec un poids de 500 g. C’est un fromage énergétique et riche en lipides. Il renferme des vitamines telles que la vitamine A, B, C26, et K. De plus, le Coulommiers est constitué de 50 % de matières grasses. Sa consommation se fait à cœur et à la dégustation, celui-ci révèle un goût de terroir prononcé, identique au Brie de Melun ou au Montereau. Prix à la Pièce de 350g : 12,90€",4.5,18.0,12.9,Coulommiers_6006002.jpg,724d6bc2-8906-460b-b848-0b2e8ed9179a,2021-03-18,4.0
Couronne des 3 Seigneurs,Brebis,Molle à croûte naturelle,https://www.laboitedufromager.com/fromage/couronne-des-3-seigneurs/,"La Couronne des 3 seigneurs est un fromage à base de lait de brebis thermisé. Au visuel, le fromage reprend la forme d’un disque troué au milieu. Avec une belle croute naturelle plissée et une pâte molle, elle a une texture fondante et crémeuse au goût lactique prononcé accompagné de notes de sous-bois. À couper en partant du centre, le fromage est excellent lorsqu’il est chaud. Mais il peut également être dégusté de plusieurs autres façons. Prix à la pièce : 8,90  €",3.93,14.0,8.9,couronne-des-3-seigneurs.jpg,65723399-a348-478b-b230-270a4ab0dc45,2021-06-02,5.0
Couronne des 3 Seigneurs,Brebis,Molle à croûte naturelle,https://www.laboitedufromager.com/fromage/couronne-des-3-seigneurs/,"La Couronne des 3 seigneurs est un fromage à base de lait de brebis thermisé. Au visuel, le fromage reprend la forme d’un disque troué au milieu. Avec une belle croute naturelle plissée et une pâte molle, elle a une texture fondante et crémeuse au goût lactique prononcé accompagné de notes de sous-bois. À couper en partant du centre, le fromage est excellent lorsqu’il est chaud. Mais il peut également être dégusté de plusieurs autres façons. Prix à la pièce : 8,90  €",3.93,14.0,8.9,couronne-des-3-seigneurs.jpg,0c5fbb03-0be4-41dc-bb26-bec7cfde0a35,2020-04-11,5.0
Couronne des 3 Seigneurs,Brebis,Molle à croûte naturelle,https://www.laboitedufromager.com/fromage/couronne-des-3-seigneurs/,"La Couronne des 3 seigneurs est un fromage à base de lait de brebis thermisé. Au visuel, le fromage reprend la forme d’un disque troué au milieu. Avec une belle croute naturelle plissée et une pâte molle, elle a une texture fondante et crémeuse au goût lactique prononcé accompagné de notes de sous-bois. À couper en partant du centre, le fromage est excellent lorsqu’il est chaud. Mais il peut également être dégusté de plusieurs autres façons. Prix à la pièce : 8,90  €",3.93,14.0,8.9,couronne-des-3-seigneurs.jpg,57e3f767-accc-4a5a-9bf0-ece19115a3cb,2020-05-19,4.0
Couronne des 3 Seigneurs,Brebis,Molle à croûte naturelle,https://www.laboitedufromager.com/fromage/couronne-des-3-seigneurs/,"La Couronne des 3 seigneurs est un fromage à base de lait de brebis thermisé. Au visuel, le fromage reprend la forme d’un disque troué au milieu. Avec une belle croute naturelle plissée et une pâte molle, elle a une texture fondante et crémeuse au goût lactique prononcé accompagné de notes de sous-bois. À couper en partant du centre, le fromage est excellent lorsqu’il est chaud. Mais il peut également être dégusté de plusieurs autres façons. Prix à la pièce : 8,90  €",3.93,14.0,8.9,couronne-des-3-seigneurs.jpg,308f4123-b50d-4d8f-8a23-6cf9d815c03c,2021-12-12,5.0
Couronne des 3 Seigneurs,Brebis,Molle à croûte naturelle,https://www.laboitedufromager.com/fromage/couronne-des-3-seigneurs/,"La Couronne des 3 seigneurs est un fromage à base de lait de brebis thermisé. Au visuel, le fromage reprend la forme d’un disque troué au milieu. Avec une belle croute naturelle plissée et une pâte molle, elle a une texture fondante et crémeuse au goût lactique prononcé accompagné de notes de sous-bois. À couper en partant du centre, le fromage est excellent lorsqu’il est chaud. Mais il peut également être dégusté de plusieurs autres façons. Prix à la pièce : 8,90  €",3.93,14.0,8.9,couronne-des-3-seigneurs.jpg,27394030-0b1f-4a2d-91c1-cede2fe74ae5,2021-02-10,2.0
Couronne des 4 Montagnes,Vache,Molle à croûte naturelle,https://www.laboitedufromager.com/fromage/couronnes-des-4-montagnes/,"La Couronne des 4 Montagnes est un fromage à pâte molle à croûte naturelle à base de lait cru de vache. Il est produit en Isère par la Ferme du Sabot. Prix à la pièce : 4,50€",4.64,11.0,4.5,Couronne_4_Montagnes_1A_600600.jpg,e340d969-9a3d-4978-b86f-dc547d3509a1,2021-06-12,4.0
Couronne des 4 Montagnes,Vache,Molle à croûte naturelle,https://www.laboitedufromager.com/fromage/couronnes-des-4-montagnes/,"La Couronne des 4 Montagnes est un fromage à pâte molle à croûte naturelle à base de lait cru de vache. Il est produit en Isère par la Ferme du Sabot. Prix à la pièce : 4,50€",4.64,11.0,4.5,Couronne_4_Montagnes_1A_600600.jpg,b870c14b-050c-49cf-84ae-b80d635274f9,2021-12-18,4.0
Couronne des 4 Montagnes,Vache,Molle à croûte naturelle,https://www.laboitedufromager.com/fromage/couronnes-des-4-montagnes/,"La Couronne des 4 Montagnes est un fromage à pâte molle à croûte naturelle à base de lait cru de vache. Il est produit en Isère par la Ferme du Sabot. Prix à la pièce : 4,50€",4.64,11.0,4.5,Couronne_4_Montagnes_1A_600600.jpg,63078fe7-72c6-42d1-8af8-8e79f2e188ce,2021-03-23,4.0
Couronne lochoise,Chèvre,Molle à croûte naturelle,https://www.laboitedufromager.com/fromage/couronne-lochoise/,"La Couronne Lochoise est un fromage de chèvre à croûte naturelle, à pâte molle, légèrement cendrée. Elle est fabriquée à partir de lait cru de chèvre. Prix à la Pièce : 6,10 €",4.5,2.0,6.1,COURONNE_Lochoise_425425.jpg,da95b57a-f75c-4e77-8d86-ff04b3fb7ebb,2020-06-20,4.0
Crémeux d’Ossau,Vache,Pressée non cuite,https://www.laboitedufromager.com/fromage/cremeux-dossau/,"Le Crémeux d’Ossau est un Fromage affiné à pâte pressée non cuite au lait cru de Vache. Prix au Kilo : 22,67 € / Kg (Soit 6,80 € les 300g)",4.27,11.0,6.8,Cremeu-ossau500500.jpg,e67a5a99-c0ac-4428-ac4a-80a9f9d88ac1,2021-04-21,3.0
Crémeux d’Ossau,Vache,Pressée non cuite,https://www.laboitedufromager.com/fromage/cremeux-dossau/,"Le Crémeux d’Ossau est un Fromage affiné à pâte pressée non cuite au lait cru de Vache. Prix au Kilo : 22,67 € / Kg (Soit 6,80 € les 300g)",4.27,11.0,6.8,Cremeu-ossau500500.jpg,b9ee78bc-1d81-49e3-9ee4-36819c03ef53,2020-03-01,1.0
Crémeux d’Ossau,Vache,Pressée non cuite,https://www.laboitedufromager.com/fromage/cremeux-dossau/,"Le Crémeux d’Ossau est un Fromage affiné à pâte pressée non cuite au lait cru de Vache. Prix au Kilo : 22,67 € / Kg (Soit 6,80 € les 300g)",4.27,11.0,6.8,Cremeu-ossau500500.jpg,85ea311e-2d60-4fe0-8704-884175c9346a,2021-07-10,3.0
Crémeux du Jura,Vache,Molle à croûte lavée,https://www.laboitedufromager.com/fromage/cremeux-du-jura/,"Le crémeux du Jura est un fromage à base de lait de vache, à pâte molle à croûte lavée de consistance crémeuse. Il est cerclé d’une sangle d’épicéa et renfermé dans une boîte en bois cylindrique. Prix au Kilo : 29,90€ (soit 7,48 € la boite de 250g)",2.0,2.0,7.48,Cremeux-du-Jura_1JL_600600.jpg,24925c94-5f81-4b00-9194-cd40104d496c,2020-09-22,3.0
Crémeux du Jura,Vache,Molle à croûte lavée,https://www.laboitedufromager.com/fromage/cremeux-du-jura/,"Le crémeux du Jura est un fromage à base de lait de vache, à pâte molle à croûte lavée de consistance crémeuse. Il est cerclé d’une sangle d’épicéa et renfermé dans une boîte en bois cylindrique. Prix au Kilo : 29,90€ (soit 7,48 € la boite de 250g)",2.0,2.0,7.48,Cremeux-du-Jura_1JL_600600.jpg,e7d088b5-eaf5-42be-9001-36abb243fe0c,2020-11-18,5.0
Crott’Indre,Chèvre,Molle à croûte naturelle,https://www.laboitedufromager.com/fromage/crottindre/,"Le Crott’indre est un fromage à croûte naturelle, à pâte molle, fabriqué à partir de lait cru de chèvre. Prix à la Pièce : 4,90 €",5.0,6.0,4.9,Crottindre_600600.jpg,b66de776-9573-4e48-a739-c6841af54897,2020-07-18,3.0
Crott’Indre,Chèvre,Molle à croûte naturelle,https://www.laboitedufromager.com/fromage/crottindre/,"Le Crott’indre est un fromage à croûte naturelle, à pâte molle, fabriqué à partir de lait cru de chèvre. Prix à la Pièce : 4,90 €",5.0,6.0,4.9,Crottindre_600600.jpg,f1f34869-38b4-4850-b067-b6520d4d826a,2021-05-22,1.0
Crottin au poivre,Chèvre,Molle à croûte naturelle,https://www.laboitedufromager.com/fromage/crottin-au-poivre/,"Le Crottin au poivre est un fromage à croûte naturelle, à pâte molle, fabriqué à partir de lait cru de chèvre. Prix à la Pièce : 5,90 €",4.88,8.0,5.9,Crottin_Poivre_2JLM_600600.jpg,33654339-020e-47ad-b819-c357029aed48,2020-04-09,2.0
Crottin au poivre,Chèvre,Molle à croûte naturelle,https://www.laboitedufromager.com/fromage/crottin-au-poivre/,"Le Crottin au poivre est un fromage à croûte naturelle, à pâte molle, fabriqué à partir de lait cru de chèvre. Prix à la Pièce : 5,90 €",4.88,8.0,5.9,Crottin_Poivre_2JLM_600600.jpg,0fba38ba-c273-4c05-a6f9-2565095b54a3,2021-12-28,4.0
Crottin blanc,Chèvre,Molle à croûte naturelle,https://www.laboitedufromager.com/fromage/crottin-blanc/,Le Crottin blanc est un fromage frais au lait entier de chèvre. Prix à la Pièce : 5 €,3.91,11.0,5.0,Crottin-Blanc_600600.jpg,0c524579-77e6-407d-bc6d-015b8043bec4,2020-11-16,5.0
Crottin blanc,Chèvre,Molle à croûte naturelle,https://www.laboitedufromager.com/fromage/crottin-blanc/,Le Crottin blanc est un fromage frais au lait entier de chèvre. Prix à la Pièce : 5 €,3.91,11.0,5.0,Crottin-Blanc_600600.jpg,ff1f6f23-780c-4e51-901b-d1024e1afc88,2020-06-28,5.0
Crottin cendré,Chèvre,Molle à croûte naturelle,https://www.laboitedufromager.com/fromage/crottin-cendre/,"Le Crottin cendré est un fromage frais au lait entier de chèvre. Sa pâte blanche est recouverte d’une croûte noire, cendrée. Prix à la Pièce : 5 €",3.68,19.0,5.0,Crottin-cendre2JLM_600600.jpg,53315f3d-825f-4fdb-8168-8f76e1127b05,2021-06-19,1.0
Crottin cendré,Chèvre,Molle à croûte naturelle,https://www.laboitedufromager.com/fromage/crottin-cendre/,"Le Crottin cendré est un fromage frais au lait entier de chèvre. Sa pâte blanche est recouverte d’une croûte noire, cendrée. Prix à la Pièce : 5 €",3.68,19.0,5.0,Crottin-cendre2JLM_600600.jpg,2791f63a-ac48-444e-ba29-8ba79aaada0a,2020-04-27,5.0
Crottin de Chavignol,Chèvre,Molle à croûte naturelle,https://www.laboitedufromager.com/fromage/crottin-de-chavignol/,"Le Crottin de Chavignol est un fromage au lait cru de chèvre. Sa pâte est couleur blanche ou ivoire. Elle est recouverte d’une croûte naturelle. Il contient 32% de matière grasse sur produit fini. C’est un petit cylindre très légèrement arrondi à la périphérie, pesant environ 60g. Prix à la Pièce : 3,90 €",4.44,18.0,3.9,Crottin-Chavignol_2Bis_OK_2.jpg,NULL,NULL,NULL
Crottin de Cocumont,Chèvre,Molle à croûte naturelle,https://www.laboitedufromager.com/fromage/crottin-fermier-de-cocumont/,"Le Crottin Fermier de Cocumont est un petit fromage au lait entier de chèvre. Sa pâte blanche est recouverte d’une croûte naturelle, fine et fleurie. Prix à la Pièce : 5 €",4.63,19.0,6.0,Crottin-cocumont_600600.jpg,56421c77-a994-4b78-b544-875881dc0bdc,2020-04-26,5.0
Crottin de Cocumont,Chèvre,Molle à croûte naturelle,https://www.laboitedufromager.com/fromage/crottin-fermier-de-cocumont/,"Le Crottin Fermier de Cocumont est un petit fromage au lait entier de chèvre. Sa pâte blanche est recouverte d’une croûte naturelle, fine et fleurie. Prix à la Pièce : 5 €",4.63,19.0,6.0,Crottin-cocumont_600600.jpg,c43c5047-f051-4c9e-9303-7229c432ce54,2021-08-03,2.0
Crottin de Cocumont,Chèvre,Molle à croûte naturelle,https://www.laboitedufromager.com/fromage/crottin-fermier-de-cocumont/,"Le Crottin Fermier de Cocumont est un petit fromage au lait entier de chèvre. Sa pâte blanche est recouverte d’une croûte naturelle, fine et fleurie. Prix à la Pièce : 5 €",4.63,19.0,6.0,Crottin-cocumont_600600.jpg,e172a3db-e20e-4ca3-8d8e-8779e843cf79,2020-08-15,2.0
Crottin de Cocumont,Chèvre,Molle à croûte naturelle,https://www.laboitedufromager.com/fromage/crottin-fermier-de-cocumont/,"Le Crottin Fermier de Cocumont est un petit fromage au lait entier de chèvre. Sa pâte blanche est recouverte d’une croûte naturelle, fine et fleurie. Prix à la Pièce : 5 €",4.63,19.0,6.0,Crottin-cocumont_600600.jpg,6e66bf60-4168-4733-a2c5-2a9a80118915,2020-09-26,1.0
Crottin de Cocumont,Chèvre,Molle à croûte naturelle,https://www.laboitedufromager.com/fromage/crottin-fermier-de-cocumont/,"Le Crottin Fermier de Cocumont est un petit fromage au lait entier de chèvre. Sa pâte blanche est recouverte d’une croûte naturelle, fine et fleurie. Prix à la Pièce : 5 €",4.63,19.0,6.0,Crottin-cocumont_600600.jpg,41146b96-25fd-4e84-abc2-8b167c20a61f,2021-12-21,5.0
Crottin de Cocumont,Chèvre,Molle à croûte naturelle,https://www.laboitedufromager.com/fromage/crottin-fermier-de-cocumont/,"Le Crottin Fermier de Cocumont est un petit fromage au lait entier de chèvre. Sa pâte blanche est recouverte d’une croûte naturelle, fine et fleurie. Prix à la Pièce : 5 €",4.63,19.0,6.0,Crottin-cocumont_600600.jpg,a1ebdb2b-d758-4fb6-af69-12fd0ab53d0b,2020-09-08,5.0
Crottin du Viornay,Chèvre,Molle à croûte naturelle,https://www.laboitedufromager.com/fromage/crottin-du-viornay/,"Le Crottin du Viornay est un petit fromage au lait entier de chèvre. Sa pâte blanche ou ivoire est recouverte d’une croûte naturelle, fine et fleurie. Prix à la Pièce : 3,30 €",NULL,NULL,3.3,Crottin_3_600600.jpg,f13da806-e216-44cc-9881-d6333b1a830e,2021-04-20,5.0
Crottin du Viornay,Chèvre,Molle à croûte naturelle,https://www.laboitedufromager.com/fromage/crottin-du-viornay/,"Le Crottin du Viornay est un petit fromage au lait entier de chèvre. Sa pâte blanche ou ivoire est recouverte d’une croûte naturelle, fine et fleurie. Prix à la Pièce : 3,30 €",NULL,NULL,3.3,Crottin_3_600600.jpg,6c9d5977-2300-4b6b-9731-dd6a488c6371,2020-07-03,3.0
Crottin villageois fermier,Chèvre,Molle à croûte naturelle,https://www.laboitedufromager.com/fromage/crottin-villageois-fermier/,"Le Crottin Villageois fermier est un fromage frais au lait entier de chèvre. Sa pâte blanche est recouverte de stries, naturellement formées. Prix à la Pièce : 5 €",4.25,4.0,5.0,Crottin-Villageois_1JL_OK_600600.jpg,NULL,NULL,NULL
Curé Nantais,Vache,Molle à croûte lavée,https://www.laboitedufromager.com/fromage/cure-nantais/,"Le Curé Nantais est un fromage à pâte molle et à croûte lavée. Il est fabriqué avec du lait cru de vache par la Fromagerie du Curé Nantais situé à Pornic dans le département de la Loire-Atlantique. Ce fromage se présente sous 3 formats différents. Le premier prend une forme carrée avec des bords arrondis et pèse 200 grammes. c’est la forme d’origine. Le second format est un petit fromage rond affiné au Muscadet pour un poids de 200 grammes. Le troisième et dernier format est le plus volumineux. Il fait 800 grammes et se présente comme une meule ronde. Il est destiné à la vente à la coupe. Au niveau de l’apparence, le Curé Nantais présente une croûte humide et collante de couleur jaune-orangé à ocre. La pâte, elle, est souple de couleur ivoire et parsemée de trous. En bouche, elle fait découvrir un terroir prononcé et légèrement épicé.",5.0,1.0,7.3,cure-Nantais2-600600.jpg,f295aaa2-97b8-4f8b-a5bc-ebcd07f27452,2021-08-03,5.0
Curé Nantais,Vache,Molle à croûte lavée,https://www.laboitedufromager.com/fromage/cure-nantais/,"Le Curé Nantais est un fromage à pâte molle et à croûte lavée. Il est fabriqué avec du lait cru de vache par la Fromagerie du Curé Nantais situé à Pornic dans le département de la Loire-Atlantique. Ce fromage se présente sous 3 formats différents. Le premier prend une forme carrée avec des bords arrondis et pèse 200 grammes. c’est la forme d’origine. Le second format est un petit fromage rond affiné au Muscadet pour un poids de 200 grammes. Le troisième et dernier format est le plus volumineux. Il fait 800 grammes et se présente comme une meule ronde. Il est destiné à la vente à la coupe. Au niveau de l’apparence, le Curé Nantais présente une croûte humide et collante de couleur jaune-orangé à ocre. La pâte, elle, est souple de couleur ivoire et parsemée de trous. En bouche, elle fait découvrir un terroir prononcé et légèrement épicé.",5.0,1.0,7.3,cure-Nantais2-600600.jpg,6631c92b-f206-4bcd-987e-56f54d5eb159,2020-02-01,3.0
Délice à la fleur de sel,Chèvre,Molle à croûte naturelle,https://www.laboitedufromager.com/fromage/delice-a-la-fleur-de-sel/,"Le Délice à la Fleur de Sel est un fromage au lait entier de chèvre. Sa pâte blanche est recouverte d’une fine croûte naturelle. Prix à la Pièce : 6,90 €",1.0,1.0,6.9,Delice-fleur-de-sel_600600.jpg,add0bf2c-1b08-4f4d-9cd9-ffd67018029e,2021-07-28,2.0
Délice à la fleur de sel,Chèvre,Molle à croûte naturelle,https://www.laboitedufromager.com/fromage/delice-a-la-fleur-de-sel/,"Le Délice à la Fleur de Sel est un fromage au lait entier de chèvre. Sa pâte blanche est recouverte d’une fine croûte naturelle. Prix à la Pièce : 6,90 €",1.0,1.0,6.9,Delice-fleur-de-sel_600600.jpg,3fcaf87e-f798-4a19-a08b-ec829dcb3c6f,2021-06-15,3.0
Doux chêne,Chèvre,Molle à croûte fleurie,https://www.laboitedufromager.com/fromage/doux-chene/,"Le Doux Chêne est un fromage de chèvre ovale à pâte molle et à croûte fleurie, fabriqué depuis plus de trente ans au hameau de Douchanez (commune de Monistrol d’Allier) dans le Sud-Ouest de la Haute-Loire à 900 m d’altitude au cœur du futur Parc Naturel Régional des « Sources et Gorges du Haut-Allier . Le poids unitaire frais est de 150 grammes. Le taux de matière grasse est de 22% . Prix à la pièce : 4,50 €",3.5,2.0,4.5,Doux-Chene300300.jpg,NULL,NULL,NULL
Ecir en Aubrac,Vache,Molle à croûte naturelle,https://www.laboitedufromager.com/fromage/ecir-en-aubrac/,"L’Ecir en Aubrac est un fromage au lait cru et entier de Vache. c’est un fromage de forme ovale à pâte molle à croûte naturelle. Prix à la pièce : 4,95€ la pièce",4.67,3.0,4.95,Ecir_en_Aubrac_600600.jpg,c8a72337-e94b-42ba-ab96-70d7639e3ad2,2020-10-24,2.0
Elgines,Chèvre,Molle à croûte naturelle,https://www.laboitedufromager.com/fromage/elgines/,"L’Elgines est un fromage fermier au lait cru de chèvre produit dans le Cantal par Elizabeth et Pierre MAURY. Prix à la Pièce : 7,10 €",2.29,7.0,7.1,Elgines_2_OK_600600.jpg,2545997c-c457-46c5-8485-c0319bf29567,2021-06-10,4.0
Elgines,Chèvre,Molle à croûte naturelle,https://www.laboitedufromager.com/fromage/elgines/,"L’Elgines est un fromage fermier au lait cru de chèvre produit dans le Cantal par Elizabeth et Pierre MAURY. Prix à la Pièce : 7,10 €",2.29,7.0,7.1,Elgines_2_OK_600600.jpg,d3c5b3ce-5cf2-4d85-84df-fc54986028ef,2020-10-03,3.0
Epoisses,Vache,Molle à croûte lavée,NULL,NULL,NULL,NULL,NULL,NULL,42cb61d6-0e91-44ef-bc02-119b790bff3e,2021-03-18,2.0
Epoisses,Vache,Molle à croûte lavée,NULL,NULL,NULL,NULL,NULL,NULL,beaa87c6-abbf-4c3d-9189-1b12564a7f2f,2020-06-22,1.0
Epoisses,Vache,Molle à croûte lavée,NULL,NULL,NULL,NULL,NULL,NULL,2e5aa25a-518c-4940-8fed-59c4749844e8,2021-08-14,1.0
Epoisses,Vache,Molle à croûte lavée,NULL,NULL,NULL,NULL,NULL,NULL,07034c4a-53f3-4609-9b6a-3713ab86f32d,2020-07-22,3.0
Epoisses,Vache,Molle à croûte lavée,NULL,NULL,NULL,NULL,NULL,NULL,5e32fb83-8df3-416b-bc08-aeadb414284e,2020-08-31,1.0
Emmental,Vache,Molle à croûte lavée,https://www.laboitedufromager.com/fromage/emmental-francais-igp/,"L’emmental français est un fromage au lait cru de vache, à pâte pressée cuite de couleur ivoire et à croûte naturelle dure jaune dorée. Il est principalement fabriqué dans l’est, en région Bourgogne–Franche-Comté et Auvergne–Rhône-Alpes. Ce fromage se présente sous la forme d’une grosse meule qui pèse environ 70 à 80 kg, avec un diamètre de 70 à 100 cm et une hauteur de 14 cm. La répartition de cette meule se fait comme suit : 40 % de matière grasse et 60 % d’extrait sec. L’emmental français présente des trous dans sa pâte. Quant à cette dernière, elle est plus ou moins souple et fondante, et possède un goût avec des notes sucrées. Depuis 1976, ce fromage bénéficie d’un Label Rouge. Et depuis 1996, l’emmental français dispose d’une indication IGP (Indication Géographique Protégée). Prix au Kilo : 28,90 € (soit 8,67 € les 300g)",5.0,1.0,8.67,Emmental_2_600600.jpg,663df670-11a8-4291-a140-347ae697fd54,2020-07-02,3.0
Etivaz,Vache,Pressée cuite,https://www.laboitedufromager.com/fromage/etivaz/,"L’Etivaz fait partie de ces fromages à pâte pressée cuite, au lait de vache. Il est fabriqué en Suisse. Prix au kilo : 55,90 € (soit 16,77 € les 300g)",5.0,1.0,16.77,Etivaz_2_600600.jpg,b176c5fd-e7cf-470b-92c4-4151faf43bd9,2021-02-08,2.0
Etivaz,Vache,Pressée cuite,https://www.laboitedufromager.com/fromage/etivaz/,"L’Etivaz fait partie de ces fromages à pâte pressée cuite, au lait de vache. Il est fabriqué en Suisse. Prix au kilo : 55,90 € (soit 16,77 € les 300g)",5.0,1.0,16.77,Etivaz_2_600600.jpg,b4e38ddf-a06f-4d0a-828c-a986445c933c,2021-09-18,4.0
Etivaz,Vache,Pressée cuite,https://www.laboitedufromager.com/fromage/etivaz/,"L’Etivaz fait partie de ces fromages à pâte pressée cuite, au lait de vache. Il est fabriqué en Suisse. Prix au kilo : 55,90 € (soit 16,77 € les 300g)",5.0,1.0,16.77,Etivaz_2_600600.jpg,251a2064-2980-4a04-9739-25b05bce3e25,2020-06-27,3.0
Fiore di muntagna,Brebis,Molle à croûte lavée,NULL,NULL,NULL,NULL,NULL,NULL,NULL,NULL,NULL
Feuille du Limousin,Chèvre,Molle à croûte naturelle,https://www.laboitedufromager.com/fromage/feuille-du-limousin/,"La feuille du Limousin est un fromage au lait cru de chèvre fabriqué en Haute-Vienne. Prix à la Pièce : 4,90 €",3.33,3.0,4.9,Feuille_Limousin_1-jlm-2_600600.jpg,8ac93c25-1470-41b0-ba38-917fcd0867de,2020-02-17,1.0
Fleur d’Aunis,Vache,Molle à croûte lavée,https://www.laboitedufromager.com/fromage/fleur-daunis/,"La fleur d’Aunis est un fromage fabriqué en Dordogne, à pâte molle à croûte lavée. Prix au kilo : 23 € (soit 6,90 € les 300g)",4.4,25.0,6.9,Fleur-d-aunis_1JL_600600.jpg,07683175-3796-4b93-ae36-b982e2d99db8,2021-03-04,4.0
Fleur d’Aunis,Vache,Molle à croûte lavée,https://www.laboitedufromager.com/fromage/fleur-daunis/,"La fleur d’Aunis est un fromage fabriqué en Dordogne, à pâte molle à croûte lavée. Prix au kilo : 23 € (soit 6,90 € les 300g)",4.4,25.0,6.9,Fleur-d-aunis_1JL_600600.jpg,e31723ba-1157-446e-a29c-dd84d4f4d533,2020-09-22,4.0
Fleur de Nuits Saint Georges,Vache,Molle à croûte fleurie,NULL,NULL,NULL,NULL,NULL,NULL,d1203a04-8c88-4648-934e-8749aa5d5cd0,2020-10-17,5.0
Fleur des Alpes,Vache,Pressée cuite,https://www.laboitedufromager.com/fromage/fleur-des-alpes/,"La Fleurs des Alpes est un fromage à pâte pressée cuite, au lait thermisé de vache. Il est fabriqué en Suisse, dans le Canton de Fribourg. Prix au kilo : 30 € (soit 9 € les 300g)",4.0,4.0,9.0,Fleurs-des-Alpes_JL_600600.jpg,6dea7de4-39d6-455f-8aa0-381cf550941b,2021-08-04,1.0
Fleur des Alpes,Vache,Pressée cuite,https://www.laboitedufromager.com/fromage/fleur-des-alpes/,"La Fleurs des Alpes est un fromage à pâte pressée cuite, au lait thermisé de vache. Il est fabriqué en Suisse, dans le Canton de Fribourg. Prix au kilo : 30 € (soit 9 € les 300g)",4.0,4.0,9.0,Fleurs-des-Alpes_JL_600600.jpg,d43ff45e-51de-40b8-b0e6-8093ceee740c,2021-08-14,3.0
Fleur du Maquis Corse,Brebis,Molle à croûte naturelle,https://www.laboitedufromager.com/fromage/fleur-du-maquis-corse-2/,"Le Fleur du Maquis, également connu sous le nom de Brin d’amour est un fromage produit en Corse. Il fait partie de la famille des fromages à pâte molle à croute naturelle et fleurie. La Fleur de Maquis est produit à partir de lait pasteurisé de Brebis, il a la forme d’une petite tomme, mais on peut aussi le trouver avec une forme carrée. Il pèse environ entre 205 à 700 g et possède environ 27 % de matière grasse. Le Brin d’amour a une croute recouverte à la main d’herbes aromatiques sèches comme du thym, du romarin, de l’origan, du basilic ou encore du marjolaine. Parfois, il est recouvert de flores bleues grises lors de son affinage. Le Fleur du Maquis possède à la pâte blanche avec une texture fondante, moelleuse et souple. Sa fraîcheur lactée et ses arômes floraux intenses lui donnent un gout unique et persistant en bouche. Prix à la pièce : 8,50 €",NULL,NULL,8.5,fleur-du-maquis-corse.jpg,24817d30-30f6-4900-8210-a8a962161067,2021-06-22,5.0
Flocon de Savoie,Vache,Molle à croûte naturelle,https://www.laboitedufromager.com/fromage/flocon-de-savoie/,"Le Flocon de Savoie est un fromage au lait de vache et à pâte molle à croûte fleurie qui se présente sous la forme d’un cylindre plat. Prix à la pièce : 4,00 € /Pce de 120g",5.0,4.0,4.0,Flocon-Savoie_JLK_600600.jpg,8f594a5a-cebd-4aa2-8794-f8dd983fd2d6,2020-01-23,1.0
Flocon de Savoie,Vache,Molle à croûte naturelle,https://www.laboitedufromager.com/fromage/flocon-de-savoie/,"Le Flocon de Savoie est un fromage au lait de vache et à pâte molle à croûte fleurie qui se présente sous la forme d’un cylindre plat. Prix à la pièce : 4,00 € /Pce de 120g",5.0,4.0,4.0,Flocon-Savoie_JLK_600600.jpg,694b4188-55ca-4da4-8aaf-d2d566d984a7,2020-01-26,4.0
Flocon de Savoie,Vache,Molle à croûte naturelle,https://www.laboitedufromager.com/fromage/flocon-de-savoie/,"Le Flocon de Savoie est un fromage au lait de vache et à pâte molle à croûte fleurie qui se présente sous la forme d’un cylindre plat. Prix à la pièce : 4,00 € /Pce de 120g",5.0,4.0,4.0,Flocon-Savoie_JLK_600600.jpg,74a6750c-09d3-4be3-b8b1-ae90f0325b20,2021-06-04,2.0
Flocon de Savoie,Vache,Molle à croûte naturelle,https://www.laboitedufromager.com/fromage/flocon-de-savoie/,"Le Flocon de Savoie est un fromage au lait de vache et à pâte molle à croûte fleurie qui se présente sous la forme d’un cylindre plat. Prix à la pièce : 4,00 € /Pce de 120g",5.0,4.0,4.0,Flocon-Savoie_JLK_600600.jpg,dcfd1d6a-3e90-40a3-9bae-57b4d45efe07,2020-05-21,3.0
Fontina d’alpage,Vache,Persillée,https://www.laboitedufromager.com/fromage/fontina/,"La Fontina est un fromage à pâte pressée non cuite fabriqué avec du lait de vache. Les bovidés en question appartiennent à la race valdôtaine qui broute l’herbe au pied du Mont Blanc. Cette espèce a pour particularité de produire du lait en faible quantité, mais plutôt dense. Pour en revenir au fromage, il est produit en Italie dans la Vallée d’Aoste. Elle ressemble à une petite meule cylindrique plate avec des talons concaves et à surface plane. La Fontina fait entre 7 à 10 cm d’épaisseur et d’un diamètre de 40 à 45 cm pour un poids compris entre 10 et 12 kg. Ce fromage a une croûte fine de couleur marron clair. Sa pâte jaune est mi-cuite et fondante. Une différence d’intensité dans la couleur s’observe en hiver et en été. Lorsqu’on consomme la Fontina, elle révèle une saveur douce et un arôme s’intensifie avec l’affinage. En 1996, la Fontina obtient l’AOP. Prix au Kilo : 34,90 € (soit 10,47 € les 300g)",3.56,9.0,10.47,Fontina1_600600.jpg,43eb68d3-9abd-4fe3-afd4-88930f47b837,2021-07-18,2.0
Fontina d’alpage,Vache,Persillée,https://www.laboitedufromager.com/fromage/fontina/,"La Fontina est un fromage à pâte pressée non cuite fabriqué avec du lait de vache. Les bovidés en question appartiennent à la race valdôtaine qui broute l’herbe au pied du Mont Blanc. Cette espèce a pour particularité de produire du lait en faible quantité, mais plutôt dense. Pour en revenir au fromage, il est produit en Italie dans la Vallée d’Aoste. Elle ressemble à une petite meule cylindrique plate avec des talons concaves et à surface plane. La Fontina fait entre 7 à 10 cm d’épaisseur et d’un diamètre de 40 à 45 cm pour un poids compris entre 10 et 12 kg. Ce fromage a une croûte fine de couleur marron clair. Sa pâte jaune est mi-cuite et fondante. Une différence d’intensité dans la couleur s’observe en hiver et en été. Lorsqu’on consomme la Fontina, elle révèle une saveur douce et un arôme s’intensifie avec l’affinage. En 1996, la Fontina obtient l’AOP. Prix au Kilo : 34,90 € (soit 10,47 € les 300g)",3.56,9.0,10.47,Fontina1_600600.jpg,43d43da5-3254-4099-87e4-c7bcb7af89d1,2021-06-29,4.0
Fontina d’alpage,Vache,Persillée,https://www.laboitedufromager.com/fromage/fontina/,"La Fontina est un fromage à pâte pressée non cuite fabriqué avec du lait de vache. Les bovidés en question appartiennent à la race valdôtaine qui broute l’herbe au pied du Mont Blanc. Cette espèce a pour particularité de produire du lait en faible quantité, mais plutôt dense. Pour en revenir au fromage, il est produit en Italie dans la Vallée d’Aoste. Elle ressemble à une petite meule cylindrique plate avec des talons concaves et à surface plane. La Fontina fait entre 7 à 10 cm d’épaisseur et d’un diamètre de 40 à 45 cm pour un poids compris entre 10 et 12 kg. Ce fromage a une croûte fine de couleur marron clair. Sa pâte jaune est mi-cuite et fondante. Une différence d’intensité dans la couleur s’observe en hiver et en été. Lorsqu’on consomme la Fontina, elle révèle une saveur douce et un arôme s’intensifie avec l’affinage. En 1996, la Fontina obtient l’AOP. Prix au Kilo : 34,90 € (soit 10,47 € les 300g)",3.56,9.0,10.47,Fontina1_600600.jpg,ed6fa48e-9e5d-41dd-96df-c4b1949c51f0,2020-03-16,1.0
Fougerus,Vache,Molle à croûte fleurie,https://www.laboitedufromager.com/fromage/fougerus/,"Le Fougerusest un fromage au lait de vache, à pâte molle (non pressée et non cuite), à la croûte fleurie, blanche et duveteuse. Prix à la Demi-Pièce : 5€",NULL,NULL,5.0,Fougerou_600600.jpg,ecb9cd34-72f5-4091-a95b-a4966c3eab21,2021-10-22,4.0
Fougerus,Vache,Molle à croûte fleurie,https://www.laboitedufromager.com/fromage/fougerus/,"Le Fougerusest un fromage au lait de vache, à pâte molle (non pressée et non cuite), à la croûte fleurie, blanche et duveteuse. Prix à la Demi-Pièce : 5€",NULL,NULL,5.0,Fougerou_600600.jpg,e385c7b8-b9fc-409a-bc1d-887a12809ba1,2021-05-20,5.0
Fourme d’Ambert,Vache,Persillée,https://www.laboitedufromager.com/fromage/fourme-dambert/,"La Fourme d’Ambert est un fromage au lait cru de vache, à pâte persillée non cuite et non pressée. Faisant partie de la famille des fromages bleus, elle est facile à reconnaître par son costume fleuri, parsemé de moisissures grisées. Fine et sèche, cette croûte bleutée couvre une pâte ivoire présentant des veinures vertes bleutées. La Fourme d’Ambert a la particularité d’être cylindrique en mesurant 19 cm de hauteur et 13 cm de diamètre. Son poids tourne autour de 2 kilos avec une teneur en matière grasse de 29 % sur produit fini. Ce fromage est d’une grande douceur au point que les fromagers le surnomment « la grande dame au cœur tendre ». D’une texture souple et onctueuse, il a un goût fruité et légèrement salé, sans trop de puissance en bouche. Il dégage un parfum subtil de sous-bois. Son affinage prend au moins 28 jours. Prix au Kilo : 26,50€ (soit 8,07€ les 300g)",4.06,48.0,8.07,FourmeAmbert_2017_1_600600.jpg,226e3736-b7ee-4553-a41e-097fd8558211,2020-02-02,1.0
Fourme d’Ambert,Vache,Persillée,https://www.laboitedufromager.com/fromage/fourme-dambert/,"La Fourme d’Ambert est un fromage au lait cru de vache, à pâte persillée non cuite et non pressée. Faisant partie de la famille des fromages bleus, elle est facile à reconnaître par son costume fleuri, parsemé de moisissures grisées. Fine et sèche, cette croûte bleutée couvre une pâte ivoire présentant des veinures vertes bleutées. La Fourme d’Ambert a la particularité d’être cylindrique en mesurant 19 cm de hauteur et 13 cm de diamètre. Son poids tourne autour de 2 kilos avec une teneur en matière grasse de 29 % sur produit fini. Ce fromage est d’une grande douceur au point que les fromagers le surnomment « la grande dame au cœur tendre ». D’une texture souple et onctueuse, il a un goût fruité et légèrement salé, sans trop de puissance en bouche. Il dégage un parfum subtil de sous-bois. Son affinage prend au moins 28 jours. Prix au Kilo : 26,50€ (soit 8,07€ les 300g)",4.06,48.0,8.07,FourmeAmbert_2017_1_600600.jpg,426f440a-5e3d-4cbf-81b3-fbf558dbdbf4,2020-02-23,2.0
Fourme d’Ambert,Vache,Persillée,https://www.laboitedufromager.com/fromage/fourme-dambert/,"La Fourme d’Ambert est un fromage au lait cru de vache, à pâte persillée non cuite et non pressée. Faisant partie de la famille des fromages bleus, elle est facile à reconnaître par son costume fleuri, parsemé de moisissures grisées. Fine et sèche, cette croûte bleutée couvre une pâte ivoire présentant des veinures vertes bleutées. La Fourme d’Ambert a la particularité d’être cylindrique en mesurant 19 cm de hauteur et 13 cm de diamètre. Son poids tourne autour de 2 kilos avec une teneur en matière grasse de 29 % sur produit fini. Ce fromage est d’une grande douceur au point que les fromagers le surnomment « la grande dame au cœur tendre ». D’une texture souple et onctueuse, il a un goût fruité et légèrement salé, sans trop de puissance en bouche. Il dégage un parfum subtil de sous-bois. Son affinage prend au moins 28 jours. Prix au Kilo : 26,50€ (soit 8,07€ les 300g)",4.06,48.0,8.07,FourmeAmbert_2017_1_600600.jpg,47090a21-f3b4-4236-8bbb-e48bf0240883,2021-10-17,5.0
Fourme de Montbrison,Vache,Persillée,https://www.laboitedufromager.com/fromage/fourme-de-montbrison/,"La Fourme de Montbrison est un fromage à pâte persillée, fabriqué avec du lait de vache cru. Elle est reconnaissable par sa forme cylindrique de 20 cm de hauteur et de 14 cm de diamètre. Ce gros fromage pèse environ 2,5 kilos et renferme 26 % de teneur en matière grasse. La Fourme de Montbrison est un fromage à pâte non pressée et non cuite. Sous sa croûte fleurie de couleur orangée se cache une pâte souple de couleur crème et parsemée d’un marbré bleu clair. D’une texture ferme et fondante, celle-ci dévoile une saveur douce et fruitée, avec une subtile touche de noisette et un arrière-goût d’amertume. Bien qu’il soit un fromage bleu, la Fourme de Montbrison présente une moisissure moins bleue avec un goût moins prononcé. Prix au Kilo : 28,90 € /Kg (Soit 8,67 € les 300g)",3.83,48.0,8.67,Fourme-Montbrison_OK_600600.jpg,917bf48e-407a-4adc-bf3d-891ed4409b44,2020-04-04,1.0
Fourme de Montbrison,Vache,Persillée,https://www.laboitedufromager.com/fromage/fourme-de-montbrison/,"La Fourme de Montbrison est un fromage à pâte persillée, fabriqué avec du lait de vache cru. Elle est reconnaissable par sa forme cylindrique de 20 cm de hauteur et de 14 cm de diamètre. Ce gros fromage pèse environ 2,5 kilos et renferme 26 % de teneur en matière grasse. La Fourme de Montbrison est un fromage à pâte non pressée et non cuite. Sous sa croûte fleurie de couleur orangée se cache une pâte souple de couleur crème et parsemée d’un marbré bleu clair. D’une texture ferme et fondante, celle-ci dévoile une saveur douce et fruitée, avec une subtile touche de noisette et un arrière-goût d’amertume. Bien qu’il soit un fromage bleu, la Fourme de Montbrison présente une moisissure moins bleue avec un goût moins prononcé. Prix au Kilo : 28,90 € /Kg (Soit 8,67 € les 300g)",3.83,48.0,8.67,Fourme-Montbrison_OK_600600.jpg,54916005-4b55-4c6f-88e0-7835e2956d2e,2021-04-17,5.0
Fourme de Montbrison,Vache,Persillée,https://www.laboitedufromager.com/fromage/fourme-de-montbrison/,"La Fourme de Montbrison est un fromage à pâte persillée, fabriqué avec du lait de vache cru. Elle est reconnaissable par sa forme cylindrique de 20 cm de hauteur et de 14 cm de diamètre. Ce gros fromage pèse environ 2,5 kilos et renferme 26 % de teneur en matière grasse. La Fourme de Montbrison est un fromage à pâte non pressée et non cuite. Sous sa croûte fleurie de couleur orangée se cache une pâte souple de couleur crème et parsemée d’un marbré bleu clair. D’une texture ferme et fondante, celle-ci dévoile une saveur douce et fruitée, avec une subtile touche de noisette et un arrière-goût d’amertume. Bien qu’il soit un fromage bleu, la Fourme de Montbrison présente une moisissure moins bleue avec un goût moins prononcé. Prix au Kilo : 28,90 € /Kg (Soit 8,67 € les 300g)",3.83,48.0,8.67,Fourme-Montbrison_OK_600600.jpg,3bc2d634-22c4-483f-a8d6-9acb7343809d,2020-07-28,2.0
Fourme de Montbrison,Vache,Persillée,https://www.laboitedufromager.com/fromage/fourme-de-montbrison/,"La Fourme de Montbrison est un fromage à pâte persillée, fabriqué avec du lait de vache cru. Elle est reconnaissable par sa forme cylindrique de 20 cm de hauteur et de 14 cm de diamètre. Ce gros fromage pèse environ 2,5 kilos et renferme 26 % de teneur en matière grasse. La Fourme de Montbrison est un fromage à pâte non pressée et non cuite. Sous sa croûte fleurie de couleur orangée se cache une pâte souple de couleur crème et parsemée d’un marbré bleu clair. D’une texture ferme et fondante, celle-ci dévoile une saveur douce et fruitée, avec une subtile touche de noisette et un arrière-goût d’amertume. Bien qu’il soit un fromage bleu, la Fourme de Montbrison présente une moisissure moins bleue avec un goût moins prononcé. Prix au Kilo : 28,90 € /Kg (Soit 8,67 € les 300g)",3.83,48.0,8.67,Fourme-Montbrison_OK_600600.jpg,37cc0b8d-794c-481f-8710-4c64c9241572,2020-10-13,4.0
Fourme de Montbrison,Vache,Persillée,https://www.laboitedufromager.com/fromage/fourme-de-montbrison/,"La Fourme de Montbrison est un fromage à pâte persillée, fabriqué avec du lait de vache cru. Elle est reconnaissable par sa forme cylindrique de 20 cm de hauteur et de 14 cm de diamètre. Ce gros fromage pèse environ 2,5 kilos et renferme 26 % de teneur en matière grasse. La Fourme de Montbrison est un fromage à pâte non pressée et non cuite. Sous sa croûte fleurie de couleur orangée se cache une pâte souple de couleur crème et parsemée d’un marbré bleu clair. D’une texture ferme et fondante, celle-ci dévoile une saveur douce et fruitée, avec une subtile touche de noisette et un arrière-goût d’amertume. Bien qu’il soit un fromage bleu, la Fourme de Montbrison présente une moisissure moins bleue avec un goût moins prononcé. Prix au Kilo : 28,90 € /Kg (Soit 8,67 € les 300g)",3.83,48.0,8.67,Fourme-Montbrison_OK_600600.jpg,190e15be-80f3-4735-8904-5e6bfb38827d,2020-07-12,1.0
Fourme de Montbrison,Vache,Persillée,https://www.laboitedufromager.com/fromage/fourme-de-montbrison/,"La Fourme de Montbrison est un fromage à pâte persillée, fabriqué avec du lait de vache cru. Elle est reconnaissable par sa forme cylindrique de 20 cm de hauteur et de 14 cm de diamètre. Ce gros fromage pèse environ 2,5 kilos et renferme 26 % de teneur en matière grasse. La Fourme de Montbrison est un fromage à pâte non pressée et non cuite. Sous sa croûte fleurie de couleur orangée se cache une pâte souple de couleur crème et parsemée d’un marbré bleu clair. D’une texture ferme et fondante, celle-ci dévoile une saveur douce et fruitée, avec une subtile touche de noisette et un arrière-goût d’amertume. Bien qu’il soit un fromage bleu, la Fourme de Montbrison présente une moisissure moins bleue avec un goût moins prononcé. Prix au Kilo : 28,90 € /Kg (Soit 8,67 € les 300g)",3.83,48.0,8.67,Fourme-Montbrison_OK_600600.jpg,01260e50-7bd0-4849-b036-9c91c7ab8f9c,2021-01-04,4.0
Fourme de Montbrison,Vache,Persillée,https://www.laboitedufromager.com/fromage/fourme-de-montbrison/,"La Fourme de Montbrison est un fromage à pâte persillée, fabriqué avec du lait de vache cru. Elle est reconnaissable par sa forme cylindrique de 20 cm de hauteur et de 14 cm de diamètre. Ce gros fromage pèse environ 2,5 kilos et renferme 26 % de teneur en matière grasse. La Fourme de Montbrison est un fromage à pâte non pressée et non cuite. Sous sa croûte fleurie de couleur orangée se cache une pâte souple de couleur crème et parsemée d’un marbré bleu clair. D’une texture ferme et fondante, celle-ci dévoile une saveur douce et fruitée, avec une subtile touche de noisette et un arrière-goût d’amertume. Bien qu’il soit un fromage bleu, la Fourme de Montbrison présente une moisissure moins bleue avec un goût moins prononcé. Prix au Kilo : 28,90 € /Kg (Soit 8,67 € les 300g)",3.83,48.0,8.67,Fourme-Montbrison_OK_600600.jpg,a2a3ca93-2fe4-47ad-8502-c3d11f835498,2020-04-22,1.0
Fourme fermière Valcivières,Vache,Persillée,https://www.laboitedufromager.com/fromage/fourme-fermiere-valcivieres/,"La Fourme Fermière Valcivières est un fromage à pâte persillée à base de lait cru de vache. Il s’agit d’une fourme car elle a une forme très particulière : celle d’un cylindre plus haut (environ 18 cm de hauteur) que large (environ 10 cm de diamètre), pesant environ 1,5 kg. Prix au Kilo : 26 € /Kg (Soit 6,50 € les 250g)",5.0,1.0,6.5,Fourme_Valcivieres_2_600600.jpg,e2292db4-c588-457b-a4ad-ec24a8673ede,2021-02-05,4.0
Fourme fermière Valcivières,Vache,Persillée,https://www.laboitedufromager.com/fromage/fourme-fermiere-valcivieres/,"La Fourme Fermière Valcivières est un fromage à pâte persillée à base de lait cru de vache. Il s’agit d’une fourme car elle a une forme très particulière : celle d’un cylindre plus haut (environ 18 cm de hauteur) que large (environ 10 cm de diamètre), pesant environ 1,5 kg. Prix au Kilo : 26 € /Kg (Soit 6,50 € les 250g)",5.0,1.0,6.5,Fourme_Valcivieres_2_600600.jpg,9cb25fe5-cf76-4f7c-a154-a1f50a4ee79a,2020-12-12,1.0
Fourme fermière Valcivières,Vache,Persillée,https://www.laboitedufromager.com/fromage/fourme-fermiere-valcivieres/,"La Fourme Fermière Valcivières est un fromage à pâte persillée à base de lait cru de vache. Il s’agit d’une fourme car elle a une forme très particulière : celle d’un cylindre plus haut (environ 18 cm de hauteur) que large (environ 10 cm de diamètre), pesant environ 1,5 kg. Prix au Kilo : 26 € /Kg (Soit 6,50 € les 250g)",5.0,1.0,6.5,Fourme_Valcivieres_2_600600.jpg,972d839b-e55f-4ae0-b176-c0e9e01ed8c2,2021-12-16,3.0
Fourme fermière Valcivières,Vache,Persillée,https://www.laboitedufromager.com/fromage/fourme-fermiere-valcivieres/,"La Fourme Fermière Valcivières est un fromage à pâte persillée à base de lait cru de vache. Il s’agit d’une fourme car elle a une forme très particulière : celle d’un cylindre plus haut (environ 18 cm de hauteur) que large (environ 10 cm de diamètre), pesant environ 1,5 kg. Prix au Kilo : 26 € /Kg (Soit 6,50 € les 250g)",5.0,1.0,6.5,Fourme_Valcivieres_2_600600.jpg,3afca4a2-3a8e-44e5-bbd9-95068a73f156,2021-03-11,3.0
Fourme fermière Valcivières,Vache,Persillée,https://www.laboitedufromager.com/fromage/fourme-fermiere-valcivieres/,"La Fourme Fermière Valcivières est un fromage à pâte persillée à base de lait cru de vache. Il s’agit d’une fourme car elle a une forme très particulière : celle d’un cylindre plus haut (environ 18 cm de hauteur) que large (environ 10 cm de diamètre), pesant environ 1,5 kg. Prix au Kilo : 26 € /Kg (Soit 6,50 € les 250g)",5.0,1.0,6.5,Fourme_Valcivieres_2_600600.jpg,01c1ac65-24f2-49c2-bb2f-099359836c81,2021-10-27,1.0
Fourme fermière Valcivières,Vache,Persillée,https://www.laboitedufromager.com/fromage/fourme-fermiere-valcivieres/,"La Fourme Fermière Valcivières est un fromage à pâte persillée à base de lait cru de vache. Il s’agit d’une fourme car elle a une forme très particulière : celle d’un cylindre plus haut (environ 18 cm de hauteur) que large (environ 10 cm de diamètre), pesant environ 1,5 kg. Prix au Kilo : 26 € /Kg (Soit 6,50 € les 250g)",5.0,1.0,6.5,Fourme_Valcivieres_2_600600.jpg,197ed375-02f8-4d77-9c91-7af0c374ebd1,2021-07-12,5.0
Fournols,Vache,Molle à croûte lavée,https://www.laboitedufromager.com/fromage/fournols/,"Le Fournols est un fromage fabriqué en Puy-de-Dôme, à pâte molle à croûte lavée. Prix au kilo : 23 € (soit 6,90 € les 300g)",3.96,23.0,6.9,Fournols_600600-1.jpg,e5882ca9-cdab-404e-8b47-c76479dd8ce7,2021-12-24,2.0
Fournols,Vache,Molle à croûte lavée,https://www.laboitedufromager.com/fromage/fournols/,"Le Fournols est un fromage fabriqué en Puy-de-Dôme, à pâte molle à croûte lavée. Prix au kilo : 23 € (soit 6,90 € les 300g)",3.96,23.0,6.9,Fournols_600600-1.jpg,958e9bce-69d7-4192-aa59-a1a339c27b81,2020-10-07,5.0
Fournols,Vache,Molle à croûte lavée,https://www.laboitedufromager.com/fromage/fournols/,"Le Fournols est un fromage fabriqué en Puy-de-Dôme, à pâte molle à croûte lavée. Prix au kilo : 23 € (soit 6,90 € les 300g)",3.96,23.0,6.9,Fournols_600600-1.jpg,bfd5f40e-de4e-44a8-9e0d-74a9c0c152eb,2021-11-19,2.0
Fribourg,Vache,Pressée cuite,https://www.laboitedufromager.com/fromage/fribourg/,"Le Fribourg est un fromage à pâte pressée cuite, tel que son cousin le Gruyère Suisse. Il est fabriqué en Suisse, dans la région du Canton de Berne. Prix au Kilo : 39,90 € (soit 11,97 € les 300g)",4.63,8.0,11.97,fribourg_1jl_600600.jpg,NULL,NULL,NULL
Fusette blanche,Chèvre,Molle à croûte naturelle,https://www.laboitedufromager.com/fromage/fusette-blanche/,"La fusette blanche est un fromage de chèvre au lait cru de chèvre. Prix à la pièce : 6,50 €",4.2,10.0,6.5,Fusette-Blanche_600600.jpg,a25dfbe1-d5d9-4ba0-83b1-02b99eb15be3,2020-04-11,5.0
Fusette blanche,Chèvre,Molle à croûte naturelle,https://www.laboitedufromager.com/fromage/fusette-blanche/,"La fusette blanche est un fromage de chèvre au lait cru de chèvre. Prix à la pièce : 6,50 €",4.2,10.0,6.5,Fusette-Blanche_600600.jpg,cf89e4bd-f47f-46a0-a38b-32dbeacaf061,2020-12-09,3.0
Fusette blanche,Chèvre,Molle à croûte naturelle,https://www.laboitedufromager.com/fromage/fusette-blanche/,"La fusette blanche est un fromage de chèvre au lait cru de chèvre. Prix à la pièce : 6,50 €",4.2,10.0,6.5,Fusette-Blanche_600600.jpg,46341332-6877-48ce-af07-a15ba0fddf23,2020-02-04,2.0
Galernois,Chèvre,Molle à croûte naturelle,https://www.laboitedufromager.com/fromage/galernois/,"Le Galernois est un fromage de chèvre au lait cru de chèvre. Prix à la pièce : 8,50 €",4.22,9.0,8.5,Galernois-demi-sec-blanc_JL_600600.jpg,9912000f-0488-4fa0-96db-632c11a6fbd0,2021-07-01,4.0
Galernois,Chèvre,Molle à croûte naturelle,https://www.laboitedufromager.com/fromage/galernois/,"Le Galernois est un fromage de chèvre au lait cru de chèvre. Prix à la pièce : 8,50 €",4.22,9.0,8.5,Galernois-demi-sec-blanc_JL_600600.jpg,2aea3ab5-af77-431e-a91e-3ed96ab70b4b,2021-01-28,2.0
Galernois,Chèvre,Molle à croûte naturelle,https://www.laboitedufromager.com/fromage/galernois/,"Le Galernois est un fromage de chèvre au lait cru de chèvre. Prix à la pièce : 8,50 €",4.22,9.0,8.5,Galernois-demi-sec-blanc_JL_600600.jpg,0b7ba055-1258-4bed-b407-bf2edea69942,2020-01-22,4.0
Galernois,Chèvre,Molle à croûte naturelle,https://www.laboitedufromager.com/fromage/galernois/,"Le Galernois est un fromage de chèvre au lait cru de chèvre. Prix à la pièce : 8,50 €",4.22,9.0,8.5,Galernois-demi-sec-blanc_JL_600600.jpg,5bd93a49-29fc-49fc-85b7-b277741d543e,2021-04-16,3.0
Galernois,Chèvre,Molle à croûte naturelle,https://www.laboitedufromager.com/fromage/galernois/,"Le Galernois est un fromage de chèvre au lait cru de chèvre. Prix à la pièce : 8,50 €",4.22,9.0,8.5,Galernois-demi-sec-blanc_JL_600600.jpg,07b6962b-ac42-4d34-b254-80b3e2173041,2020-07-07,2.0
Galet au Fenugrec,Chèvre,Molle à croûte naturelle,https://www.laboitedufromager.com/fromage/galet-au-fenugrec/,Le Coeur au Fenugrec du Lot et Garonne est un fromage fermier au lait entier de chèvre. Prix à la Pièce : 6 €,4.0,2.0,6.0,Galet_Fenugrec_2-1_600600.jpg,9ca8e362-c170-4571-8daa-fb42d1feb2aa,2021-04-24,5.0
Galet au Fenugrec,Chèvre,Molle à croûte naturelle,https://www.laboitedufromager.com/fromage/galet-au-fenugrec/,Le Coeur au Fenugrec du Lot et Garonne est un fromage fermier au lait entier de chèvre. Prix à la Pièce : 6 €,4.0,2.0,6.0,Galet_Fenugrec_2-1_600600.jpg,4d40a28d-7369-42a8-aaed-00d801e5569c,2020-07-23,3.0
Galet boisé,Vache,Molle à croûte fleurie,https://www.laboitedufromager.com/fromage/galet-boise/,"Le Galet boisé est un fromage au lait cru de vache, à pâte molle à la croûte fleurie, aux arômes de Noix. Prix à la Demi-pièce (environ 200g) : 7,36 € (soit 35,90€ / Kg)",4.67,3.0,7.36,Galet_boise_1_JLM_600600.jpg,504c980b-68da-40d2-9855-8d59b34bc86d,2021-07-29,3.0
Galet boisé,Vache,Molle à croûte fleurie,https://www.laboitedufromager.com/fromage/galet-boise/,"Le Galet boisé est un fromage au lait cru de vache, à pâte molle à la croûte fleurie, aux arômes de Noix. Prix à la Demi-pièce (environ 200g) : 7,36 € (soit 35,90€ / Kg)",4.67,3.0,7.36,Galet_boise_1_JLM_600600.jpg,cd0f2422-4d8b-4a98-93b7-85cfc7c87d3e,2021-04-27,4.0
Galet boisé,Vache,Molle à croûte fleurie,https://www.laboitedufromager.com/fromage/galet-boise/,"Le Galet boisé est un fromage au lait cru de vache, à pâte molle à la croûte fleurie, aux arômes de Noix. Prix à la Demi-pièce (environ 200g) : 7,36 € (soit 35,90€ / Kg)",4.67,3.0,7.36,Galet_boise_1_JLM_600600.jpg,4f3a773a-9c04-4ff1-88e2-5de301f6e665,2021-07-25,3.0
Galet boisé,Vache,Molle à croûte fleurie,https://www.laboitedufromager.com/fromage/galet-boise/,"Le Galet boisé est un fromage au lait cru de vache, à pâte molle à la croûte fleurie, aux arômes de Noix. Prix à la Demi-pièce (environ 200g) : 7,36 € (soit 35,90€ / Kg)",4.67,3.0,7.36,Galet_boise_1_JLM_600600.jpg,45c2c6c9-1138-43ed-9d54-8377172216db,2021-08-18,4.0
Galet boisé,Vache,Molle à croûte fleurie,https://www.laboitedufromager.com/fromage/galet-boise/,"Le Galet boisé est un fromage au lait cru de vache, à pâte molle à la croûte fleurie, aux arômes de Noix. Prix à la Demi-pièce (environ 200g) : 7,36 € (soit 35,90€ / Kg)",4.67,3.0,7.36,Galet_boise_1_JLM_600600.jpg,bca0fb7b-4897-4094-bbc8-99f7479e416f,2021-03-24,3.0
Galet boisé,Vache,Molle à croûte fleurie,https://www.laboitedufromager.com/fromage/galet-boise/,"Le Galet boisé est un fromage au lait cru de vache, à pâte molle à la croûte fleurie, aux arômes de Noix. Prix à la Demi-pièce (environ 200g) : 7,36 € (soit 35,90€ / Kg)",4.67,3.0,7.36,Galet_boise_1_JLM_600600.jpg,8138039d-762c-4db2-ac0b-dab7dd8076f1,2020-10-28,2.0
Galet de la Loire,Vache,Molle à croûte mixte,https://www.laboitedufromager.com/fromage/galet-de-la-loire/,"Le Galet de la Loire est très apprécié par les Auvergnats en raison de son goût unique. Il s’agit d’un fromage à pâte molle à croute fleurie qui tient ses origines de la région d’Auvergne–Rhône-Alpes. Il est fabriqué à base de lait cru de vache et pèse environ 260 g, dont 26 % de matières grasses. Comme son nom l’indique, ce fromage prend la forme des galets qui bordent les berges de la Loire. Il est également associé à l’image de la pierre de Tuffeau qui constitue les façades des châteaux de la Loire. Pour ce qui est de ses saveurs, le Galet de la Loire relève un goût typé avec des arômes de champignons et d’étables. Ce fromage offre une pâte molle crémeuse de couleur ivoire avec quelques ouvertures et une croute fleurie de teinte jaune paille avec plus d’affinage.",3.47,17.0,7.9,galet-de-la-loire.jpg,ce03d59a-9435-4ac3-b440-a183ce668d39,2020-12-26,1.0
Galet de la Loire,Vache,Molle à croûte mixte,https://www.laboitedufromager.com/fromage/galet-de-la-loire/,"Le Galet de la Loire est très apprécié par les Auvergnats en raison de son goût unique. Il s’agit d’un fromage à pâte molle à croute fleurie qui tient ses origines de la région d’Auvergne–Rhône-Alpes. Il est fabriqué à base de lait cru de vache et pèse environ 260 g, dont 26 % de matières grasses. Comme son nom l’indique, ce fromage prend la forme des galets qui bordent les berges de la Loire. Il est également associé à l’image de la pierre de Tuffeau qui constitue les façades des châteaux de la Loire. Pour ce qui est de ses saveurs, le Galet de la Loire relève un goût typé avec des arômes de champignons et d’étables. Ce fromage offre une pâte molle crémeuse de couleur ivoire avec quelques ouvertures et une croute fleurie de teinte jaune paille avec plus d’affinage.",3.47,17.0,7.9,galet-de-la-loire.jpg,ff302941-a203-4cca-8c15-471981862994,2021-02-12,1.0
Galletout,Chèvre,Molle à croûte naturelle,https://www.laboitedufromager.com/fromage/galletout/,"Le Galletout est un fromage de chèvre au lait cru de chèvre. Prix à la pièce : 6,50 €",4.33,6.0,6.5,Galletout_2_JLM_600600.jpg,278953f8-f0c6-4c2c-99af-8aede3528f4e,2020-05-06,1.0
Galopin,Chèvre,Molle à croûte naturelle,https://www.laboitedufromager.com/fromage/galopin/,"Le Galopin est un fromage au lait de chèvre entier, à pâte molle blanche, recouvert d’une croûte naturelle. Prix à la pièce : 4,50 €",NULL,NULL,4.5,Galopin_JL_600600.jpg,1c28e38f-f956-48ea-a3bb-6bb6b46d9f56,2021-03-16,5.0
Galopin,Chèvre,Molle à croûte naturelle,https://www.laboitedufromager.com/fromage/galopin/,"Le Galopin est un fromage au lait de chèvre entier, à pâte molle blanche, recouvert d’une croûte naturelle. Prix à la pièce : 4,50 €",NULL,NULL,4.5,Galopin_JL_600600.jpg,14e17104-7d21-462c-a284-586493dc3bd6,2020-06-04,5.0
Galopin,Chèvre,Molle à croûte naturelle,https://www.laboitedufromager.com/fromage/galopin/,"Le Galopin est un fromage au lait de chèvre entier, à pâte molle blanche, recouvert d’une croûte naturelle. Prix à la pièce : 4,50 €",NULL,NULL,4.5,Galopin_JL_600600.jpg,93b29a89-8d0b-4e60-a308-eb382fe3db5d,2021-02-21,4.0
Galopin,Chèvre,Molle à croûte naturelle,https://www.laboitedufromager.com/fromage/galopin/,"Le Galopin est un fromage au lait de chèvre entier, à pâte molle blanche, recouvert d’une croûte naturelle. Prix à la pièce : 4,50 €",NULL,NULL,4.5,Galopin_JL_600600.jpg,13496eb2-1581-44e7-87ab-6d8d63227620,2020-11-27,5.0
Galopin,Chèvre,Molle à croûte naturelle,https://www.laboitedufromager.com/fromage/galopin/,"Le Galopin est un fromage au lait de chèvre entier, à pâte molle blanche, recouvert d’une croûte naturelle. Prix à la pièce : 4,50 €",NULL,NULL,4.5,Galopin_JL_600600.jpg,#NOMBRE!,2020-01-03,4.0
Gaperon,Vache,Molle à croûte naturelle,https://www.laboitedufromager.com/fromage/gaperon/,"Le Gaperon est un fromage à pâte molle à croûte naturelle. Cette caractéristique, il le doit au lait cru de vache et à la gape (babeurre en occident) utilisés dans sa fabrication. De couleur blanche à crème, il se présente sous forme de dôme. Il s’agit ainsi d’une spécialité gastronomique auvergnate qui est principalement concoctée en Limagne, la grande plaine située au centre du Massif central. Le Gaperon se distingue particulièrement par son goût très prononcé, dû à la présence d’ail dans la préparation. Pour offrir une expérience gustative plus complète, les fermiers ont effectivement décidé d’incorporer cet ingrédient dans la recette, mais aussi d’ajouter un peu d’assaisonnement (sel et poivre). Généralement, le Gaperon présente un diamètre de 9 cm, pour 6 à 8 cm de hauteur, sous la forme d’une boule aplatie qui pèse entre 350 à 500 g. Prix à la demi-pièce : 8,90 € (environ 240g la demi-pièce)",4.08,24.0,8.9,Gaperon_3B_600600.jpg,fd93f94a-425c-4d3a-b01e-dedfb85c2de4,2020-12-16,3.0
Gaperon,Vache,Molle à croûte naturelle,https://www.laboitedufromager.com/fromage/gaperon/,"Le Gaperon est un fromage à pâte molle à croûte naturelle. Cette caractéristique, il le doit au lait cru de vache et à la gape (babeurre en occident) utilisés dans sa fabrication. De couleur blanche à crème, il se présente sous forme de dôme. Il s’agit ainsi d’une spécialité gastronomique auvergnate qui est principalement concoctée en Limagne, la grande plaine située au centre du Massif central. Le Gaperon se distingue particulièrement par son goût très prononcé, dû à la présence d’ail dans la préparation. Pour offrir une expérience gustative plus complète, les fermiers ont effectivement décidé d’incorporer cet ingrédient dans la recette, mais aussi d’ajouter un peu d’assaisonnement (sel et poivre). Généralement, le Gaperon présente un diamètre de 9 cm, pour 6 à 8 cm de hauteur, sous la forme d’une boule aplatie qui pèse entre 350 à 500 g. Prix à la demi-pièce : 8,90 € (environ 240g la demi-pièce)",4.08,24.0,8.9,Gaperon_3B_600600.jpg,97f5542b-8c30-45d8-b965-acf147ba627e,2020-11-26,4.0
Gaperon,Vache,Molle à croûte naturelle,https://www.laboitedufromager.com/fromage/gaperon/,"Le Gaperon est un fromage à pâte molle à croûte naturelle. Cette caractéristique, il le doit au lait cru de vache et à la gape (babeurre en occident) utilisés dans sa fabrication. De couleur blanche à crème, il se présente sous forme de dôme. Il s’agit ainsi d’une spécialité gastronomique auvergnate qui est principalement concoctée en Limagne, la grande plaine située au centre du Massif central. Le Gaperon se distingue particulièrement par son goût très prononcé, dû à la présence d’ail dans la préparation. Pour offrir une expérience gustative plus complète, les fermiers ont effectivement décidé d’incorporer cet ingrédient dans la recette, mais aussi d’ajouter un peu d’assaisonnement (sel et poivre). Généralement, le Gaperon présente un diamètre de 9 cm, pour 6 à 8 cm de hauteur, sous la forme d’une boule aplatie qui pèse entre 350 à 500 g. Prix à la demi-pièce : 8,90 € (environ 240g la demi-pièce)",4.08,24.0,8.9,Gaperon_3B_600600.jpg,4b3805bf-1a2b-485b-bea4-cd891bce7ea6,2020-03-21,1.0
Gaperon au chèvre,Chèvre,Molle à croûte naturelle,https://www.laboitedufromager.com/fromage/gaperon-de-chevre/,"Le Gaperon est une appellation fromagère française d’Auvergne, fromage à pâte molle à croûte fleurie, est originaire de l’Auvergne. Prix à la Pièce : 8 €",3.57,7.0,8.0,Gaperon_600600.png,c9077f61-1223-4889-94ae-f9069fca337c,2021-11-25,1.0
Gorgonzola cremoso AOP,Vache,Persillée,https://www.laboitedufromager.com/fromage/gorgonzola-cremoso-aop/,"Le gorgonzola cremoso est un fromage traditionnel à pâte persillée, à base de lait de vache. Elle est fabriquée en Italie, dans les régions de la Lombardie et du Piémont. C’est un fromage crémeux et moelleux de couleur ivoire avec 45 % de matières grasses, au goût lacté qui révèle un subtil arôme de noisette. Il mesure environ 30 cm de diamètre et 16 cm de hauteur pour un poids entre 6 et 12 kg. En outre, il bénéficie d’une Appellation d’Origine Protégée (AOP) à l’échelle européenne en 1996 (DOP pour l’Italie : Denominazione di Origine Protetta). Durant son affinage qui dure environ 3 mois, le gorgonzola cremoso est perforé pour conserver ses moisissures. Prix au Kilo : 29,90 € (soit 8,97 € les 300g)",4.5,14.0,8.97,Gorgonzola_5_OKbis_600600.jpg,bfc5b1e1-8686-45bc-bd95-7628f3cca77e,2021-12-20,5.0
Gorgonzola cremoso AOP,Vache,Persillée,https://www.laboitedufromager.com/fromage/gorgonzola-cremoso-aop/,"Le gorgonzola cremoso est un fromage traditionnel à pâte persillée, à base de lait de vache. Elle est fabriquée en Italie, dans les régions de la Lombardie et du Piémont. C’est un fromage crémeux et moelleux de couleur ivoire avec 45 % de matières grasses, au goût lacté qui révèle un subtil arôme de noisette. Il mesure environ 30 cm de diamètre et 16 cm de hauteur pour un poids entre 6 et 12 kg. En outre, il bénéficie d’une Appellation d’Origine Protégée (AOP) à l’échelle européenne en 1996 (DOP pour l’Italie : Denominazione di Origine Protetta). Durant son affinage qui dure environ 3 mois, le gorgonzola cremoso est perforé pour conserver ses moisissures. Prix au Kilo : 29,90 € (soit 8,97 € les 300g)",4.5,14.0,8.97,Gorgonzola_5_OKbis_600600.jpg,1f16fcb8-c2d4-4a12-8b1e-720363417f0b,2020-10-04,5.0
Gorgonzola cremoso AOP,Vache,Persillée,https://www.laboitedufromager.com/fromage/gorgonzola-cremoso-aop/,"Le gorgonzola cremoso est un fromage traditionnel à pâte persillée, à base de lait de vache. Elle est fabriquée en Italie, dans les régions de la Lombardie et du Piémont. C’est un fromage crémeux et moelleux de couleur ivoire avec 45 % de matières grasses, au goût lacté qui révèle un subtil arôme de noisette. Il mesure environ 30 cm de diamètre et 16 cm de hauteur pour un poids entre 6 et 12 kg. En outre, il bénéficie d’une Appellation d’Origine Protégée (AOP) à l’échelle européenne en 1996 (DOP pour l’Italie : Denominazione di Origine Protetta). Durant son affinage qui dure environ 3 mois, le gorgonzola cremoso est perforé pour conserver ses moisissures. Prix au Kilo : 29,90 € (soit 8,97 € les 300g)",4.5,14.0,8.97,Gorgonzola_5_OKbis_600600.jpg,29f78456-b890-4cbe-a8ff-8c8c7911c266,2020-06-13,4.0
Gouda 48 mois,Vache,Pressée non cuite,https://www.laboitedufromager.com/fromage/gouda-48-mois/,"Le Gouda fait partie de ces fromages que nous croyons tous connaître. Pourtant, il y a tellement de choses à apprendre sur lui. Déjà, il s’agit d’un produit laitier d’origine hollandaise dont la base est du lait de vache cru et écrémé. Il appartient à la famille des fromages à pâte pressée non cuite. Ce fromage se reconnait à sa forme de petite meule circulaire à flanc convexe. Il fait entre 26 à 30 cm de diamètre pour 7,5 cm d’épaisseur et un poids qui se situe entre 3 et 5 kg. Sa croûte est orange, mais il existe des variantes blanches, rouge ou jaune. Lors de la découpe de ce fromage, on découvre une pâte sans trou qui est tendre ou dure selon l’âge. Le Gouda se déguste effectivement jeune ou vieux. Ce qui influe sur sa saveur. Consommé jeune, le Gouda a un goût fruité ; vieux, il est plus prononcé avec un léger piquant. Prix au kilo : 12-18 Mois d’affinage : 36,90 € (soit 11,07 € les 300g)",5.0,1.0,11.07,Gouda-48Mois_3Bis_OK_600600.jpg,4996da0b-4b51-438a-ae4f-cf0812e122ef,2020-12-30,5.0
Gouda 48 mois,Vache,Pressée non cuite,https://www.laboitedufromager.com/fromage/gouda-48-mois/,"Le Gouda fait partie de ces fromages que nous croyons tous connaître. Pourtant, il y a tellement de choses à apprendre sur lui. Déjà, il s’agit d’un produit laitier d’origine hollandaise dont la base est du lait de vache cru et écrémé. Il appartient à la famille des fromages à pâte pressée non cuite. Ce fromage se reconnait à sa forme de petite meule circulaire à flanc convexe. Il fait entre 26 à 30 cm de diamètre pour 7,5 cm d’épaisseur et un poids qui se situe entre 3 et 5 kg. Sa croûte est orange, mais il existe des variantes blanches, rouge ou jaune. Lors de la découpe de ce fromage, on découvre une pâte sans trou qui est tendre ou dure selon l’âge. Le Gouda se déguste effectivement jeune ou vieux. Ce qui influe sur sa saveur. Consommé jeune, le Gouda a un goût fruité ; vieux, il est plus prononcé avec un léger piquant. Prix au kilo : 12-18 Mois d’affinage : 36,90 € (soit 11,07 € les 300g)",5.0,1.0,11.07,Gouda-48Mois_3Bis_OK_600600.jpg,2b1b87c1-853f-47be-9839-0226652fd6d4,2021-06-15,2.0
Gouda 48 mois,Vache,Pressée non cuite,https://www.laboitedufromager.com/fromage/gouda-48-mois/,"Le Gouda fait partie de ces fromages que nous croyons tous connaître. Pourtant, il y a tellement de choses à apprendre sur lui. Déjà, il s’agit d’un produit laitier d’origine hollandaise dont la base est du lait de vache cru et écrémé. Il appartient à la famille des fromages à pâte pressée non cuite. Ce fromage se reconnait à sa forme de petite meule circulaire à flanc convexe. Il fait entre 26 à 30 cm de diamètre pour 7,5 cm d’épaisseur et un poids qui se situe entre 3 et 5 kg. Sa croûte est orange, mais il existe des variantes blanches, rouge ou jaune. Lors de la découpe de ce fromage, on découvre une pâte sans trou qui est tendre ou dure selon l’âge. Le Gouda se déguste effectivement jeune ou vieux. Ce qui influe sur sa saveur. Consommé jeune, le Gouda a un goût fruité ; vieux, il est plus prononcé avec un léger piquant. Prix au kilo : 12-18 Mois d’affinage : 36,90 € (soit 11,07 € les 300g)",5.0,1.0,11.07,Gouda-48Mois_3Bis_OK_600600.jpg,d2ec46b5-ba63-4eac-983f-24c5ef4ed290,2020-02-11,1.0
Gouda 48 mois,Vache,Pressée non cuite,https://www.laboitedufromager.com/fromage/gouda-48-mois/,"Le Gouda fait partie de ces fromages que nous croyons tous connaître. Pourtant, il y a tellement de choses à apprendre sur lui. Déjà, il s’agit d’un produit laitier d’origine hollandaise dont la base est du lait de vache cru et écrémé. Il appartient à la famille des fromages à pâte pressée non cuite. Ce fromage se reconnait à sa forme de petite meule circulaire à flanc convexe. Il fait entre 26 à 30 cm de diamètre pour 7,5 cm d’épaisseur et un poids qui se situe entre 3 et 5 kg. Sa croûte est orange, mais il existe des variantes blanches, rouge ou jaune. Lors de la découpe de ce fromage, on découvre une pâte sans trou qui est tendre ou dure selon l’âge. Le Gouda se déguste effectivement jeune ou vieux. Ce qui influe sur sa saveur. Consommé jeune, le Gouda a un goût fruité ; vieux, il est plus prononcé avec un léger piquant. Prix au kilo : 12-18 Mois d’affinage : 36,90 € (soit 11,07 € les 300g)",5.0,1.0,11.07,Gouda-48Mois_3Bis_OK_600600.jpg,58ff6fc5-3a4a-4258-ac49-49acbb1b06aa,2020-09-15,3.0
Gouda au Cumin,Vache,Pressée non cuite,https://www.laboitedufromager.com/fromage/gouda-au-cumin/,"Le Gouda au cumin est fromage à pâte pressée non cuite, au lait cru de vache fabriqué aux Pays-Bas. Prix au kilo : 26,90 € (soit 8,07 € les 300g)",3.21,24.0,8.07,Gouda_Cumin_420420.jpg,c1d6ae75-a3ff-4f64-a848-6223fe615caf,2021-04-07,4.0
Gouda au Cumin,Vache,Pressée non cuite,https://www.laboitedufromager.com/fromage/gouda-au-cumin/,"Le Gouda au cumin est fromage à pâte pressée non cuite, au lait cru de vache fabriqué aux Pays-Bas. Prix au kilo : 26,90 € (soit 8,07 € les 300g)",3.21,24.0,8.07,Gouda_Cumin_420420.jpg,f64089d8-290c-4c6d-a259-9b3e0dcef067,2020-06-25,3.0
Gouda au Cumin,Vache,Pressée non cuite,https://www.laboitedufromager.com/fromage/gouda-au-cumin/,"Le Gouda au cumin est fromage à pâte pressée non cuite, au lait cru de vache fabriqué aux Pays-Bas. Prix au kilo : 26,90 € (soit 8,07 € les 300g)",3.21,24.0,8.07,Gouda_Cumin_420420.jpg,4cdc8e4a-2933-4c3a-bfa0-8a1365d1cdee,2020-12-11,4.0
Gouda au Cumin,Vache,Pressée non cuite,https://www.laboitedufromager.com/fromage/gouda-au-cumin/,"Le Gouda au cumin est fromage à pâte pressée non cuite, au lait cru de vache fabriqué aux Pays-Bas. Prix au kilo : 26,90 € (soit 8,07 € les 300g)",3.21,24.0,8.07,Gouda_Cumin_420420.jpg,1d0a2f59-0a3e-4a68-b0fe-478f93bcfaf1,2020-08-18,3.0
Gouda au Cumin,Vache,Pressée non cuite,https://www.laboitedufromager.com/fromage/gouda-au-cumin/,"Le Gouda au cumin est fromage à pâte pressée non cuite, au lait cru de vache fabriqué aux Pays-Bas. Prix au kilo : 26,90 € (soit 8,07 € les 300g)",3.21,24.0,8.07,Gouda_Cumin_420420.jpg,4ef9e019-f29c-4cfd-9634-77ca0286effb,2020-12-22,1.0
Gouda Truffé,Vache,Pressée non cuite,https://www.laboitedufromager.com/fromage/gouda-truffe/,"Le Gouda truffé est fromage à pâte pressée non cuite, au lait cru de vache fabriqué aux Pays-Bas. Prix au kilo : 33 € (soit 9,99 € les 300g)",4.0,1.0,9.9,Gouda-truffe_3-OK-1-jlm_600600.jpg,da7b829e-6e19-4fc3-bed8-8e1f8e17dcd9,2021-03-06,1.0
Goudoulet,Vache,Pressée non cuite et croûte lavée,https://www.laboitedufromager.com/fromage/goudoulet/,"Le Goudoulet est un fromage qui nous vient tout droit de la Haute-Ardèche. Concocté avec du lait de vache pasteurisé, il est présenté sous forme d’un cylindre avec un poids moyen de 2,5 kg et une teneur en matières grasses de 25 % sur produit fini. Sa pâte pressée non cuite est ornée d’une croûte légèrement lavée. Le tout offre une texture souple et onctueuse qui dévoile un goût léger en dégustation. Au nez, le Goudoulet dégage une odeur lactique. Il fait partie des fromages les plus incontournables de l’Ardèche. Prix au kilo : 15,90 € (soit 4,77 € les 300g)",4.4,5.0,4.77,Goudoulet-de-vache_JL.jpg,aeaaa78d-f302-4747-a5e8-4f6e9a92d16b,2021-08-22,5.0
Goudoulet,Vache,Pressée non cuite et croûte lavée,https://www.laboitedufromager.com/fromage/goudoulet/,"Le Goudoulet est un fromage qui nous vient tout droit de la Haute-Ardèche. Concocté avec du lait de vache pasteurisé, il est présenté sous forme d’un cylindre avec un poids moyen de 2,5 kg et une teneur en matières grasses de 25 % sur produit fini. Sa pâte pressée non cuite est ornée d’une croûte légèrement lavée. Le tout offre une texture souple et onctueuse qui dévoile un goût léger en dégustation. Au nez, le Goudoulet dégage une odeur lactique. Il fait partie des fromages les plus incontournables de l’Ardèche. Prix au kilo : 15,90 € (soit 4,77 € les 300g)",4.4,5.0,4.77,Goudoulet-de-vache_JL.jpg,7756b47e-00f9-4b56-97ea-d9d90e1e3a35,2021-05-18,2.0
Grand Camembert,Vache,Molle à croûte fleurie,https://www.laboitedufromager.com/fromage/grand-camembert/,"Le Grand Camembert est un fromage au lait cru de vache produit en Normandie. Il présente une pâte molle, fondante en bouche, et une croûte fleurie qui laisse apparaître des taches rouges ou brunes. Ce fromage artisanal prend une forme de cylindre plat d’environ 11 cm de diamètre et 3 cm d’épaisseur. Il pèse au moins 250 g et contient 45 % de matières grasses sur extrait sec. En outre, le temps d’affinage de ce fromage est de 3 semaines minimum. À l’issue de cette durée, le Grand Camembert se montre souple et onctueux. Mais plus il vieillit, plus sa pâte devient corsée et crémeuse. Fabriqué dans la fromagerie Val d’Ay dans la Manche, ce produit dispose d’une Appellation d’Origine Protégée (AOP). Qui plus est, il est récompensé de 9 médailles au Concours Général Agricole (CGA) de Paris. Prix au Kilo : 22 € / Kg (soit 8,8 € le Demi, soit environ 400g)",4.67,15.0,8.8,grand-camembert.jpg,3cc93d88-dfb3-4e9e-970d-aaf4c3a608e0,2021-11-27,4.0
Grand Camembert,Vache,Molle à croûte fleurie,https://www.laboitedufromager.com/fromage/grand-camembert/,"Le Grand Camembert est un fromage au lait cru de vache produit en Normandie. Il présente une pâte molle, fondante en bouche, et une croûte fleurie qui laisse apparaître des taches rouges ou brunes. Ce fromage artisanal prend une forme de cylindre plat d’environ 11 cm de diamètre et 3 cm d’épaisseur. Il pèse au moins 250 g et contient 45 % de matières grasses sur extrait sec. En outre, le temps d’affinage de ce fromage est de 3 semaines minimum. À l’issue de cette durée, le Grand Camembert se montre souple et onctueux. Mais plus il vieillit, plus sa pâte devient corsée et crémeuse. Fabriqué dans la fromagerie Val d’Ay dans la Manche, ce produit dispose d’une Appellation d’Origine Protégée (AOP). Qui plus est, il est récompensé de 9 médailles au Concours Général Agricole (CGA) de Paris. Prix au Kilo : 22 € / Kg (soit 8,8 € le Demi, soit environ 400g)",4.67,15.0,8.8,grand-camembert.jpg,81594e99-62ba-4a01-b6ea-0c245e4a3025,2020-04-21,4.0
Grand Camembert,Vache,Molle à croûte fleurie,https://www.laboitedufromager.com/fromage/grand-camembert/,"Le Grand Camembert est un fromage au lait cru de vache produit en Normandie. Il présente une pâte molle, fondante en bouche, et une croûte fleurie qui laisse apparaître des taches rouges ou brunes. Ce fromage artisanal prend une forme de cylindre plat d’environ 11 cm de diamètre et 3 cm d’épaisseur. Il pèse au moins 250 g et contient 45 % de matières grasses sur extrait sec. En outre, le temps d’affinage de ce fromage est de 3 semaines minimum. À l’issue de cette durée, le Grand Camembert se montre souple et onctueux. Mais plus il vieillit, plus sa pâte devient corsée et crémeuse. Fabriqué dans la fromagerie Val d’Ay dans la Manche, ce produit dispose d’une Appellation d’Origine Protégée (AOP). Qui plus est, il est récompensé de 9 médailles au Concours Général Agricole (CGA) de Paris. Prix au Kilo : 22 € / Kg (soit 8,8 € le Demi, soit environ 400g)",4.67,15.0,8.8,grand-camembert.jpg,26fa0849-dc59-481a-b48f-51ed405c2099,2020-02-29,4.0
Grand Carré,Vache,Pressée cuite,https://www.laboitedufromager.com/fromage/le-grand-carre/,"Le Grand Carré est un fromage au lait de vache, à pâte cuite et pressée, à croûte frottée, solide, et grenée, de couleur jaune dorée à brun. Il a une forme de meule à talon droit ou légèrement convexe, d’un diamètre de 50 à 75 cm, d’une hauteur de 8 à 13 cm. Prix au Kilo : 21,50 €",5.0,1.0,4.3,Grand-Carre600600.jpg,f238e7df-6155-43fc-ac7d-f5e619f05b37,2021-05-25,1.0
Grand Carré,Vache,Pressée cuite,https://www.laboitedufromager.com/fromage/le-grand-carre/,"Le Grand Carré est un fromage au lait de vache, à pâte cuite et pressée, à croûte frottée, solide, et grenée, de couleur jaune dorée à brun. Il a une forme de meule à talon droit ou légèrement convexe, d’un diamètre de 50 à 75 cm, d’une hauteur de 8 à 13 cm. Prix au Kilo : 21,50 €",5.0,1.0,4.3,Grand-Carre600600.jpg,9998f50e-f79d-41f1-9f42-8840a0b93b38,2020-07-22,1.0
Grand Murols,Vache,Molle à croûte lavée,https://www.laboitedufromager.com/fromage/grand-murols/,"Fabriqué avec du lait de vache pasteurisé, le murols est un fromage à pâte pressée non cuite et à croûte lavée, qui présente une belle croûte de couleur rouge/orange du fait qu’il soit lavé avec du rocou (colorant naturel). Le « Grand Murols » se présente sous la forme d’un cylindre plat évidé en son centre. Mesurant environ 15 cm de diamètre pour 3,5 cm de hauteur, cet anneau fromager pèse entre 450 et 600 grammes. Avec sa croûte rouge-orangé et son trou, son apparence rappelle celle d’un donut. Sa croûte enrobe une pâte fine et tendre de couleur jaune-ivoire. En bouche, celle-ci dévoile une saveur discrète, moelleuse et délicate ; tandis qu’au nez, elle dégage une légère odeur de cave. À savoir que le Murols est un fromage assez gras, car il contient 27 % de matière grasse. Il est aussi riche en minéraux et vitamines qui sont bénéfiques pour la santé. En effet, ce fromage renferme du calcium, du phosphore, du potassium, du magnésium ainsi que du fer. Il fournit également des vitamines A, B2 et B12 ainsi que des carotènes et des folates. Pour 100 grammes, sa valeur énergétique environne les 341 calories. Prix à la Demi-Pièce : 8,75 €",3.21,14.0,8.75,murols_1jl-600600.jpg,dc06f2fa-1cb8-4a38-896c-dc48f880cd98,2021-01-07,4.0
Grand Murols,Vache,Molle à croûte lavée,https://www.laboitedufromager.com/fromage/grand-murols/,"Fabriqué avec du lait de vache pasteurisé, le murols est un fromage à pâte pressée non cuite et à croûte lavée, qui présente une belle croûte de couleur rouge/orange du fait qu’il soit lavé avec du rocou (colorant naturel). Le « Grand Murols » se présente sous la forme d’un cylindre plat évidé en son centre. Mesurant environ 15 cm de diamètre pour 3,5 cm de hauteur, cet anneau fromager pèse entre 450 et 600 grammes. Avec sa croûte rouge-orangé et son trou, son apparence rappelle celle d’un donut. Sa croûte enrobe une pâte fine et tendre de couleur jaune-ivoire. En bouche, celle-ci dévoile une saveur discrète, moelleuse et délicate ; tandis qu’au nez, elle dégage une légère odeur de cave. À savoir que le Murols est un fromage assez gras, car il contient 27 % de matière grasse. Il est aussi riche en minéraux et vitamines qui sont bénéfiques pour la santé. En effet, ce fromage renferme du calcium, du phosphore, du potassium, du magnésium ainsi que du fer. Il fournit également des vitamines A, B2 et B12 ainsi que des carotènes et des folates. Pour 100 grammes, sa valeur énergétique environne les 341 calories. Prix à la Demi-Pièce : 8,75 €",3.21,14.0,8.75,murols_1jl-600600.jpg,1742c2f1-c363-4ad2-a8ef-7c7e6d319e9d,2021-02-28,3.0
Gruyère français,Vache,Pressée cuite,https://www.laboitedufromager.com/fromage/gruyere-francais-igp/,"Le gruyère IGP est un fromage que l’on confond souvent avec l’Emmental. Il est à pâte pressée cuite, au lait de vache et est fabriqué en Savoie et Franche-Comté. Prix au kilo : 20 € (soit 6 € les 300g)",3.33,9.0,6.0,Gruyere-Francais_2_OK-2_600600.jpg,907824f4-6e09-45c7-b4d8-04f5e0a3fe32,2021-08-26,3.0
Gruyère français,Vache,Pressée cuite,https://www.laboitedufromager.com/fromage/gruyere-francais-igp/,"Le gruyère IGP est un fromage que l’on confond souvent avec l’Emmental. Il est à pâte pressée cuite, au lait de vache et est fabriqué en Savoie et Franche-Comté. Prix au kilo : 20 € (soit 6 € les 300g)",3.33,9.0,6.0,Gruyere-Francais_2_OK-2_600600.jpg,b0395e21-def6-471b-b346-942014913a98,2020-11-09,5.0
Gruyère français,Vache,Pressée cuite,https://www.laboitedufromager.com/fromage/gruyere-francais-igp/,"Le gruyère IGP est un fromage que l’on confond souvent avec l’Emmental. Il est à pâte pressée cuite, au lait de vache et est fabriqué en Savoie et Franche-Comté. Prix au kilo : 20 € (soit 6 € les 300g)",3.33,9.0,6.0,Gruyere-Francais_2_OK-2_600600.jpg,d0ccc5ca-e0a1-4fef-ac36-9df5a71afef0,2021-07-21,2.0
Gruyère français,Vache,Pressée cuite,https://www.laboitedufromager.com/fromage/gruyere-francais-igp/,"Le gruyère IGP est un fromage que l’on confond souvent avec l’Emmental. Il est à pâte pressée cuite, au lait de vache et est fabriqué en Savoie et Franche-Comté. Prix au kilo : 20 € (soit 6 € les 300g)",3.33,9.0,6.0,Gruyere-Francais_2_OK-2_600600.jpg,5dec5664-74e0-4981-ac7f-f30beced90cf,2021-11-24,5.0
Gruyère français,Vache,Pressée cuite,https://www.laboitedufromager.com/fromage/gruyere-francais-igp/,"Le gruyère IGP est un fromage que l’on confond souvent avec l’Emmental. Il est à pâte pressée cuite, au lait de vache et est fabriqué en Savoie et Franche-Comté. Prix au kilo : 20 € (soit 6 € les 300g)",3.33,9.0,6.0,Gruyere-Francais_2_OK-2_600600.jpg,f0feaab9-5c53-4a6a-a244-ba70c26675bc,2020-08-30,2.0
Gruyère français,Vache,Pressée cuite,https://www.laboitedufromager.com/fromage/gruyere-francais-igp/,"Le gruyère IGP est un fromage que l’on confond souvent avec l’Emmental. Il est à pâte pressée cuite, au lait de vache et est fabriqué en Savoie et Franche-Comté. Prix au kilo : 20 € (soit 6 € les 300g)",3.33,9.0,6.0,Gruyere-Francais_2_OK-2_600600.jpg,6e53b088-5aa6-47ec-b8b8-7b3a3226ef29,2021-11-11,3.0
Gruyère Suisse d’Alpage AOC,Vache,Pressée cuite,https://www.laboitedufromager.com/fromage/gruyere-suisse-dalpage/,"Le gruyère suisse d’alpage est un fromage à base de lait cru de vache, à pâte pressée cuite à croûte grainée, de forme ronde et de couleur brunâtre. Il mesure entre 9,5 à 12 cm de hauteur avec un poids variant entre 25 et 40 kg. Sa pâte est moelleuse et révèle une teinte en ivoire qui peut varier en fonction des saisons. Ce fromage bénéficie par ailleurs d’une Appellation d’Origine Protégée en 2013. Il fait partie de ces fromages que l’on confond souvent avec l’Emmental, car il présente également des trous sur tout son corps. Il est fabriqué en Suisse, plus précisément dans la région du Canton de Fribourg, avec pour capitale le Gruyère. Prix au Kilo : 44,90 € (soit 13,47 € les 300g)",4.41,49.0,13.47,Gruyere-alpage_suisse1_OK_600600.jpg,6547285b-831b-4a6f-92b9-69673f441ab2,2020-01-30,4.0
Gruyère Suisse d’Alpage AOC,Vache,Pressée cuite,https://www.laboitedufromager.com/fromage/gruyere-suisse-dalpage/,"Le gruyère suisse d’alpage est un fromage à base de lait cru de vache, à pâte pressée cuite à croûte grainée, de forme ronde et de couleur brunâtre. Il mesure entre 9,5 à 12 cm de hauteur avec un poids variant entre 25 et 40 kg. Sa pâte est moelleuse et révèle une teinte en ivoire qui peut varier en fonction des saisons. Ce fromage bénéficie par ailleurs d’une Appellation d’Origine Protégée en 2013. Il fait partie de ces fromages que l’on confond souvent avec l’Emmental, car il présente également des trous sur tout son corps. Il est fabriqué en Suisse, plus précisément dans la région du Canton de Fribourg, avec pour capitale le Gruyère. Prix au Kilo : 44,90 € (soit 13,47 € les 300g)",4.41,49.0,13.47,Gruyere-alpage_suisse1_OK_600600.jpg,be94db68-a668-4ac7-bbdd-fb69bbde5475,2021-04-06,4.0
Gruyère Suisse d’Alpage AOC,Vache,Pressée cuite,https://www.laboitedufromager.com/fromage/gruyere-suisse-dalpage/,"Le gruyère suisse d’alpage est un fromage à base de lait cru de vache, à pâte pressée cuite à croûte grainée, de forme ronde et de couleur brunâtre. Il mesure entre 9,5 à 12 cm de hauteur avec un poids variant entre 25 et 40 kg. Sa pâte est moelleuse et révèle une teinte en ivoire qui peut varier en fonction des saisons. Ce fromage bénéficie par ailleurs d’une Appellation d’Origine Protégée en 2013. Il fait partie de ces fromages que l’on confond souvent avec l’Emmental, car il présente également des trous sur tout son corps. Il est fabriqué en Suisse, plus précisément dans la région du Canton de Fribourg, avec pour capitale le Gruyère. Prix au Kilo : 44,90 € (soit 13,47 € les 300g)",4.41,49.0,13.47,Gruyere-alpage_suisse1_OK_600600.jpg,43d5f56e-ceeb-4b76-8179-483d71b94d29,2021-01-13,5.0
Guérandais fermier,Chèvre,Molle à croûte lavée,https://www.laboitedufromager.com/fromage/guerandais-fermier/,"Le Guerandais fermier est un fromage au lait cru de chèvre, à croûte naturelle non cendrée, de couleur blanche et jaune clair, à pâte blanche.  Ce fromage est de forme ovale et pèse entre 100 et 150g Prix à la pièce : 5,50 €",3.0,3.0,5.5,Guerandais600600.jpg,f648fcd5-e200-40ee-8947-038abadd7ace,2021-06-20,3.0
Guérandais fermier,Chèvre,Molle à croûte lavée,https://www.laboitedufromager.com/fromage/guerandais-fermier/,"Le Guerandais fermier est un fromage au lait cru de chèvre, à croûte naturelle non cendrée, de couleur blanche et jaune clair, à pâte blanche.  Ce fromage est de forme ovale et pèse entre 100 et 150g Prix à la pièce : 5,50 €",3.0,3.0,5.5,Guerandais600600.jpg,7a39ca48-69e5-4e29-8870-57cbbc4a1fd2,2020-10-14,2.0
Guérandais fermier,Chèvre,Molle à croûte lavée,https://www.laboitedufromager.com/fromage/guerandais-fermier/,"Le Guerandais fermier est un fromage au lait cru de chèvre, à croûte naturelle non cendrée, de couleur blanche et jaune clair, à pâte blanche.  Ce fromage est de forme ovale et pèse entre 100 et 150g Prix à la pièce : 5,50 €",3.0,3.0,5.5,Guerandais600600.jpg,709413fa-ae47-4971-8e43-b7d6417182fd,2021-04-26,5.0
Guérandais fermier,Chèvre,Molle à croûte lavée,https://www.laboitedufromager.com/fromage/guerandais-fermier/,"Le Guerandais fermier est un fromage au lait cru de chèvre, à croûte naturelle non cendrée, de couleur blanche et jaune clair, à pâte blanche.  Ce fromage est de forme ovale et pèse entre 100 et 150g Prix à la pièce : 5,50 €",3.0,3.0,5.5,Guerandais600600.jpg,2fc72e05-1b0d-4406-8823-92fdf848bccb,2020-05-25,5.0
Guérandais fermier,Chèvre,Molle à croûte lavée,https://www.laboitedufromager.com/fromage/guerandais-fermier/,"Le Guerandais fermier est un fromage au lait cru de chèvre, à croûte naturelle non cendrée, de couleur blanche et jaune clair, à pâte blanche.  Ce fromage est de forme ovale et pèse entre 100 et 150g Prix à la pièce : 5,50 €",3.0,3.0,5.5,Guerandais600600.jpg,c7835d0e-c592-43a4-b2bf-4fc2190c4665,2020-06-21,2.0
Guérandais fermier,Chèvre,Molle à croûte lavée,https://www.laboitedufromager.com/fromage/guerandais-fermier/,"Le Guerandais fermier est un fromage au lait cru de chèvre, à croûte naturelle non cendrée, de couleur blanche et jaune clair, à pâte blanche.  Ce fromage est de forme ovale et pèse entre 100 et 150g Prix à la pièce : 5,50 €",3.0,3.0,5.5,Guerandais600600.jpg,77d9d5bd-3958-411d-9476-f02ba34a784a,2020-05-19,1.0
Guérandais fermier,Chèvre,Molle à croûte lavée,https://www.laboitedufromager.com/fromage/guerandais-fermier/,"Le Guerandais fermier est un fromage au lait cru de chèvre, à croûte naturelle non cendrée, de couleur blanche et jaune clair, à pâte blanche.  Ce fromage est de forme ovale et pèse entre 100 et 150g Prix à la pièce : 5,50 €",3.0,3.0,5.5,Guerandais600600.jpg,8c892f32-bd21-4c38-942e-12b214f60c3f,2020-06-28,1.0
Guérandais fermier,Chèvre,Molle à croûte lavée,https://www.laboitedufromager.com/fromage/guerandais-fermier/,"Le Guerandais fermier est un fromage au lait cru de chèvre, à croûte naturelle non cendrée, de couleur blanche et jaune clair, à pâte blanche.  Ce fromage est de forme ovale et pèse entre 100 et 150g Prix à la pièce : 5,50 €",3.0,3.0,5.5,Guerandais600600.jpg,0fcd6d90-6383-4df3-bea4-d08e5ee2db3d,2020-04-19,2.0
Guérandais fermier,Chèvre,Molle à croûte lavée,https://www.laboitedufromager.com/fromage/guerandais-fermier/,"Le Guerandais fermier est un fromage au lait cru de chèvre, à croûte naturelle non cendrée, de couleur blanche et jaune clair, à pâte blanche.  Ce fromage est de forme ovale et pèse entre 100 et 150g Prix à la pièce : 5,50 €",3.0,3.0,5.5,Guerandais600600.jpg,b0c42bc6-3bbc-42d1-b8ae-b8722ae0ddb9,2020-01-06,1.0
Herve doux,Vache,Molle à croûte naturelle,https://www.laboitedufromager.com/fromage/le-herve-doux/,"Le fromage de Herve est un fromage belge, du terroir de l’Entre-Vesdre-et-Meuse, portant le nom de la ville principale de sa région d’origine en Belgique : le Pays de Herve.  Dans le langage courant on le nomme simplement Herve : Herve piquant, Herve doux, etc. Il a une variante, plus riche et crémeuse, le Remoudou. Prix à la Pièce : 7,90€ les 200g",4.33,12.0,7.9,Herve-a-la-biere600600.jpg,c6998d49-029a-4d17-95ae-cfb48bab465a,2021-10-12,1.0
Herve doux,Vache,Molle à croûte naturelle,https://www.laboitedufromager.com/fromage/le-herve-doux/,"Le fromage de Herve est un fromage belge, du terroir de l’Entre-Vesdre-et-Meuse, portant le nom de la ville principale de sa région d’origine en Belgique : le Pays de Herve.  Dans le langage courant on le nomme simplement Herve : Herve piquant, Herve doux, etc. Il a une variante, plus riche et crémeuse, le Remoudou. Prix à la Pièce : 7,90€ les 200g",4.33,12.0,7.9,Herve-a-la-biere600600.jpg,36216a2c-0f5a-4468-ae61-249b8998acb4,2020-12-29,1.0
Jolirond,Vache,Molle à croûte fleurie,https://www.laboitedufromager.com/fromage/jolirond/,"Le Jolirond est un fromage au lait cru de vache, à pâte molle à la croûte fleurie et duveteuse. Prix à la Demi-pièce : 5,11 €",3.47,19.0,5.11,Jolirond_demi_2-OKJLM_600600.jpg,6d12cebd-5609-466c-8f5a-29180f9dc0a0,2020-08-05,5.0
Jolirond,Vache,Molle à croûte fleurie,https://www.laboitedufromager.com/fromage/jolirond/,"Le Jolirond est un fromage au lait cru de vache, à pâte molle à la croûte fleurie et duveteuse. Prix à la Demi-pièce : 5,11 €",3.47,19.0,5.11,Jolirond_demi_2-OKJLM_600600.jpg,034d731a-a169-4b68-b968-7e1abda37f17,2020-01-30,3.0
Kalaka,Vache,Pressée non cuite,https://www.laboitedufromager.com/fromage/kalaka/,"Le Kalaka est une tomme de vache au lait cru provenant du Pays Basque. C’est un Fromage affiné à pâte pressée non cuite qui se déguste très agréablement tout seul. Prix au Kilo : 29 € (Soit 8,70 € les 300g)",4.06,18.0,8.7,Kalaka_JL_600600.jpg,53a44ba8-45dd-4056-9891-79d0f2e31e26,2021-12-19,4.0
Kalaka,Vache,Pressée non cuite,https://www.laboitedufromager.com/fromage/kalaka/,"Le Kalaka est une tomme de vache au lait cru provenant du Pays Basque. C’est un Fromage affiné à pâte pressée non cuite qui se déguste très agréablement tout seul. Prix au Kilo : 29 € (Soit 8,70 € les 300g)",4.06,18.0,8.7,Kalaka_JL_600600.jpg,08126b75-2ed2-4973-b24f-ac4477ea8f5c,2021-07-20,3.0
Kalaka,Vache,Pressée non cuite,https://www.laboitedufromager.com/fromage/kalaka/,"Le Kalaka est une tomme de vache au lait cru provenant du Pays Basque. C’est un Fromage affiné à pâte pressée non cuite qui se déguste très agréablement tout seul. Prix au Kilo : 29 € (Soit 8,70 € les 300g)",4.06,18.0,8.7,Kalaka_JL_600600.jpg,a537a456-c8cd-4099-b3bb-670db8a6d73c,2020-07-25,5.0
Kalaka,Vache,Pressée non cuite,https://www.laboitedufromager.com/fromage/kalaka/,"Le Kalaka est une tomme de vache au lait cru provenant du Pays Basque. C’est un Fromage affiné à pâte pressée non cuite qui se déguste très agréablement tout seul. Prix au Kilo : 29 € (Soit 8,70 € les 300g)",4.06,18.0,8.7,Kalaka_JL_600600.jpg,2c349e7b-4821-4b18-833f-853a912c6be6,2021-07-09,1.0
Kalaka,Vache,Pressée non cuite,https://www.laboitedufromager.com/fromage/kalaka/,"Le Kalaka est une tomme de vache au lait cru provenant du Pays Basque. C’est un Fromage affiné à pâte pressée non cuite qui se déguste très agréablement tout seul. Prix au Kilo : 29 € (Soit 8,70 € les 300g)",4.06,18.0,8.7,Kalaka_JL_600600.jpg,aaa3d9c0-157e-42d5-9454-124e50fe53a1,2020-06-30,2.0
Kalaka,Vache,Pressée non cuite,https://www.laboitedufromager.com/fromage/kalaka/,"Le Kalaka est une tomme de vache au lait cru provenant du Pays Basque. C’est un Fromage affiné à pâte pressée non cuite qui se déguste très agréablement tout seul. Prix au Kilo : 29 € (Soit 8,70 € les 300g)",4.06,18.0,8.7,Kalaka_JL_600600.jpg,2f23c360-14f6-4864-b5a7-c22f422dad35,2021-07-11,2.0
Kaltbach,Vache,Pressée non cuite,https://www.laboitedufromager.com/fromage/kaltbach/,"Le Kaltbach est à pâte pressée non cuite, au lait pasteurisé de vache. Il est fabriqué en Suisse. Prix au kilo : 35 € (soit 10,50 € les 300g)",4.53,17.0,10.5,KALTBACH_600600.jpg,044c4074-9ac4-4e70-a201-a27843d8b08e,2021-11-20,5.0
L’Angors,Chèvre,Molle à croûte naturelle,https://www.laboitedufromager.com/fromage/angors/,"L’Angors est un fromage fabriqué de manière artisanale, au lait cru de chèvre. Il est produit dans les Deux-Sèvres par la Fromagerie des Gors. Prix à la Pièce : 7,50 €",4.75,4.0,7.5,Losange_Angors_3_OK_600600.jpg,7789f5c5-e248-4f45-aef4-d556937a436f,2020-08-30,5.0
L’Angors,Chèvre,Molle à croûte naturelle,https://www.laboitedufromager.com/fromage/angors/,"L’Angors est un fromage fabriqué de manière artisanale, au lait cru de chèvre. Il est produit dans les Deux-Sèvres par la Fromagerie des Gors. Prix à la Pièce : 7,50 €",4.75,4.0,7.5,Losange_Angors_3_OK_600600.jpg,711db62a-a6b9-4a2a-928e-073df9ffbac3,2021-05-31,4.0
Laguiole,Vache,Pressée non cuite,https://www.laboitedufromager.com/fromage/laguiole/,"Le Laguiole est fabriqué à partir de lait de vache cru et entier. C’est un fromage à pâte ferme, pressée et non cuite. Sa croûte naturelle épaisse est séchée et brossée régulièrement. Il se présente sous forme d’un cylindre de 40 cm de diamètre et de 40 cm de hauteur environ, pour un poids de 45 à 48 kg. Présenté nu, chaque fromage est marqué d’un ” Taureau ” et du mot ” LAGUIOLE ” imprimé à même la croûte. Prix au Kilo : 37,50 € / Kg (soit 11,25 € les 300g)",3.5,4.0,11.25,Laguiole_600600.jpg,2a58a44b-d0ae-4c21-a2a5-11c3f1d7bcf5,2020-01-18,5.0
Lambet,Brebis,Molle à croûte lavée,https://www.laboitedufromager.com/fromage/lambet/,Le Lambet est un fromage de brebis fermier au lait cru  pâte molle et croute lavée. Il pèse entre 300 et 350g pour un diamètre d’environ 10cm. Prix au Kilo : 50€,4.6,5.0,7.5,Lambet600600.jpg,f363b07b-8462-4e72-b878-5cd282880eb0,2021-11-06,1.0
Lambet,Brebis,Molle à croûte lavée,https://www.laboitedufromager.com/fromage/lambet/,Le Lambet est un fromage de brebis fermier au lait cru  pâte molle et croute lavée. Il pèse entre 300 et 350g pour un diamètre d’environ 10cm. Prix au Kilo : 50€,4.6,5.0,7.5,Lambet600600.jpg,88529033-4932-457c-af12-fb6452ba97a7,2020-07-19,1.0
Lambet,Brebis,Molle à croûte lavée,https://www.laboitedufromager.com/fromage/lambet/,Le Lambet est un fromage de brebis fermier au lait cru  pâte molle et croute lavée. Il pèse entre 300 et 350g pour un diamètre d’environ 10cm. Prix au Kilo : 50€,4.6,5.0,7.5,Lambet600600.jpg,df5aa5fa-2def-4a8c-91aa-205602948e0f,2021-04-06,5.0
Lambet,Brebis,Molle à croûte lavée,https://www.laboitedufromager.com/fromage/lambet/,Le Lambet est un fromage de brebis fermier au lait cru  pâte molle et croute lavée. Il pèse entre 300 et 350g pour un diamètre d’environ 10cm. Prix au Kilo : 50€,4.6,5.0,7.5,Lambet600600.jpg,46220703-84af-45ad-9ce5-42644e9fd924,2020-10-27,4.0
Lambet,Brebis,Molle à croûte lavée,https://www.laboitedufromager.com/fromage/lambet/,Le Lambet est un fromage de brebis fermier au lait cru  pâte molle et croute lavée. Il pèse entre 300 et 350g pour un diamètre d’environ 10cm. Prix au Kilo : 50€,4.6,5.0,7.5,Lambet600600.jpg,1663aa50-3aad-476f-8ca5-f2c13fd279d9,2021-12-06,2.0
Langres,Vache,Molle à croûte lavée,https://www.laboitedufromager.com/fromage/langres/,"Le Langres est un fromage à pâte molle à croute lavée au lait cru de vache. Il est produit en Champagne par la Ferme Remillet. Il se distingue des autres produits fromagés par plusieurs caractères. On peut citer en premier lieu sa forme cylindrique avec une cavité à son sommet que l’on appelle « Fontaine » ou « Cuvette ». Cette cavité s’explique par le fait que le Langres est peu retourné, voire jamais pendant sa maturation. Plus la fontaine est profonde, plus le fromage est crémeux et les saveurs gagnent en prononciation. Ce produit laitier originaire du plateau de Langres adopte une croute ridée à couleur jaune clair à brun rouge. Sa pâte est blanche, dense aux grains fins et fondants à maturation. Le Langres peut se présenter sous trois formats différents : grand format (entre 800 g et 1,3 kg), format moyen (entre 280 et 350 g) et petit format (entre 150 et 250 g). Prix à la pièce : 7,50 € (la pièce d’environ 200g)",4.09,23.0,7.5,Langres_OK_600600.jpg,NULL,NULL,NULL
Le Pic,Chèvre,Molle à croûte naturelle,https://www.laboitedufromager.com/fromage/le-pic/,"Le fromage Le Pic est un fromage frais au lait entier de chèvre. Sa pâte est ferme et recouverte d’une fine croûte naturelle. Prix à la Pièce : 5,90 €",3.95,20.0,5.9,Pic_Blanc_600600.jpg,9b24553b-3db0-4c1e-9198-5f838070fbdb,2021-12-19,3.0
Lingot du berger,Chèvre,Molle à croûte naturelle,https://www.laboitedufromager.com/fromage/lingot-du-berger/,"Le Lingot du Berger est un fromage au lait de cru de chèvre. De couleur blanche à jaune ivoire, sa peau présente un aspect légèrement strié. Prix à la pièce : 7,90 €",4.6,5.0,7.9,Lingot_Berger_1JL_600600.jpg,3321a357-1483-4c37-ae83-3162d5aea540,2020-06-01,3.0
Lingot du berger,Chèvre,Molle à croûte naturelle,https://www.laboitedufromager.com/fromage/lingot-du-berger/,"Le Lingot du Berger est un fromage au lait de cru de chèvre. De couleur blanche à jaune ivoire, sa peau présente un aspect légèrement strié. Prix à la pièce : 7,90 €",4.6,5.0,7.9,Lingot_Berger_1JL_600600.jpg,69fd3084-4af1-447b-899d-6ca546f78435,2021-04-27,5.0
Livarot,Vache,Molle à croûte lavée,https://www.laboitedufromager.com/fromage/livarot/,"Le Livarot est un fromage à pâte molle à croute lavée de couleur rougeâtre, provenant du Calvados. Il est produit par La Fromagerie de Livarot à base de lait cru de vache. Il est d’une teneur en matière grasse entre 22 et 25%. Toujours de forme cylindrique, il est fabriqué en quatre dimensions et son poids varie de 350 à 500 g. Il est entouré de 3 à 5 lanières appelées “laîches” jadis en bois de saule, aujourd’hui en roseau ou en papier, d’où son surnom de “colonel”. Il est présenté indifféremment nu ou dans une boîte en bois. Prix à la Pièce de 350g : 9,50 € le Livarot",3.36,14.0,9.5,Livarot600600.jpg,800197d3-dcb8-4c94-9f6b-9276c809ceff,2020-10-20,1.0
Livarot,Vache,Molle à croûte lavée,https://www.laboitedufromager.com/fromage/livarot/,"Le Livarot est un fromage à pâte molle à croute lavée de couleur rougeâtre, provenant du Calvados. Il est produit par La Fromagerie de Livarot à base de lait cru de vache. Il est d’une teneur en matière grasse entre 22 et 25%. Toujours de forme cylindrique, il est fabriqué en quatre dimensions et son poids varie de 350 à 500 g. Il est entouré de 3 à 5 lanières appelées “laîches” jadis en bois de saule, aujourd’hui en roseau ou en papier, d’où son surnom de “colonel”. Il est présenté indifféremment nu ou dans une boîte en bois. Prix à la Pièce de 350g : 9,50 € le Livarot",3.36,14.0,9.5,Livarot600600.jpg,d5da0329-39b6-4551-9f63-fdc2565fbb1e,2020-04-30,5.0
Lorenthym,Chèvre,Molle à croûte naturelle,https://www.laboitedufromager.com/fromage/lorenthym/,"Le Lorenthym est un fromage au lait cru de chèvre fabriqué en Haute-Garonne. Prix à la Pièce : 5,50 €",3.5,4.0,5.5,Lorenthym-1-OK_600600.jpg,4ebf54d3-9f2d-40fb-aecf-93e4cf61fe2f,2021-08-31,1.0
Luzenac,Vache,Pressée non cuite,https://www.laboitedufromager.com/fromage/luzenac/,"Le Luzenac à la forme d’un disque, qui pèse entre 5 et 7 kilogrammes, est un fromage artisanal à pâte pressée non cuite des Pyrénées Ariégeoises.  C’est un fromage à base de lait cru de Vache des Pyrénées très onctueux et souple. Prix au Kilo : 28 € (soit 8,40€ les 300g)",3.81,16.0,8.4,Luzenac_1OK_600600.jpg,e3023efb-f2ae-442a-97e1-1756393d7d54,2020-12-19,5.0
Luzenac,Vache,Pressée non cuite,https://www.laboitedufromager.com/fromage/luzenac/,"Le Luzenac à la forme d’un disque, qui pèse entre 5 et 7 kilogrammes, est un fromage artisanal à pâte pressée non cuite des Pyrénées Ariégeoises.  C’est un fromage à base de lait cru de Vache des Pyrénées très onctueux et souple. Prix au Kilo : 28 € (soit 8,40€ les 300g)",3.81,16.0,8.4,Luzenac_1OK_600600.jpg,e23f2797-ce26-465a-bf38-ed92ff465153,2021-08-26,3.0
Luzenac,Vache,Pressée non cuite,https://www.laboitedufromager.com/fromage/luzenac/,"Le Luzenac à la forme d’un disque, qui pèse entre 5 et 7 kilogrammes, est un fromage artisanal à pâte pressée non cuite des Pyrénées Ariégeoises.  C’est un fromage à base de lait cru de Vache des Pyrénées très onctueux et souple. Prix au Kilo : 28 € (soit 8,40€ les 300g)",3.81,16.0,8.4,Luzenac_1OK_600600.jpg,d346e1b4-58b6-4c75-b83f-6c5ad0d95dc3,2020-04-05,3.0
Magoth,Vache,Pressée cuite,https://www.laboitedufromager.com/fromage/magoth-suisse/,"La Magoth Suisse est un fromage à pâte pressée cuite, au lait cru de vache. Il est fabriqué dans le Nord-Est de la Suisse, dans le Canton de Thurgovie. Prix au kilo : 30 € (soit 9 € les 300g)",3.43,7.0,9.0,La-Magoth_Suisse_1JL_600600.jpg,c279900a-5f4d-43a8-b6c0-7183b8fd4173,2021-04-06,5.0
Magoth,Vache,Pressée cuite,https://www.laboitedufromager.com/fromage/magoth-suisse/,"La Magoth Suisse est un fromage à pâte pressée cuite, au lait cru de vache. Il est fabriqué dans le Nord-Est de la Suisse, dans le Canton de Thurgovie. Prix au kilo : 30 € (soit 9 € les 300g)",3.43,7.0,9.0,La-Magoth_Suisse_1JL_600600.jpg,86c6a127-4da2-4610-b77e-d6e30d0efd50,2020-08-28,4.0
Malvaux,Chèvre,Molle à croûte naturelle,NULL,NULL,NULL,NULL,NULL,NULL,2a7739b4-ae76-42f4-8209-860c8bace74d,2021-04-24,1.0
Malvaux,Chèvre,Molle à croûte naturelle,NULL,NULL,NULL,NULL,NULL,NULL,950063f0-eedb-4ad9-a930-13699f7f3353,2020-10-11,1.0
Manchego,Brebis,Pressée non cuite,https://www.laboitedufromager.com/fromage/manchego/,"Le Manchego “Anejo” est un fromage au lait cru de Brebis, à pâte pressée non cuite. Il est affiné pendant environ 1 an. Il a une texture ferme et légèrement friable. Prix au Kilo : 34€/Kg, Soit 10,20€ les 300g",4.36,14.0,10.2,Manchego_600600.jpg,NULL,NULL,NULL
Margeriaz,Vache,Pressée cuite,https://www.laboitedufromager.com/fromage/margeriaz/,"Le Margériaz est un fromage au lait cru de vache originaire de la région de l’Auvergne–Rhône-Alpes. Il est apprécié par son goût doux et fruité, sa croute fine et sèche ainsi que sa texture crémeuse et souple une fois en bouche. Sans oublier son arôme qui change en fonction de la saison. Un affinage compris entre 6 à 8 mois minimum est nécessaire afin de relever les saveurs et garder la douceur du fromage. D’ailleurs, au-delà de 12 à 14 mois de maturation, on dit qu’il est vieux. À déguster à la main, à râper sur vos plats ou à préparer en fondue, le Margériaz est un incontournable. Pour la conservation, enveloppez le fromage dans son papier d’emballage puis mettez-le dans le bas du réfrigérateur. Sortez-le du réfrigérateur une heure avant la consommation et laissez-le à température ambiante.",4.2,10.0,9.3,margeriaz.jpg,73ffe66a-b257-4f4f-b48b-8b95b69e1512,2021-01-29,1.0
Margeriaz,Vache,Pressée cuite,https://www.laboitedufromager.com/fromage/margeriaz/,"Le Margériaz est un fromage au lait cru de vache originaire de la région de l’Auvergne–Rhône-Alpes. Il est apprécié par son goût doux et fruité, sa croute fine et sèche ainsi que sa texture crémeuse et souple une fois en bouche. Sans oublier son arôme qui change en fonction de la saison. Un affinage compris entre 6 à 8 mois minimum est nécessaire afin de relever les saveurs et garder la douceur du fromage. D’ailleurs, au-delà de 12 à 14 mois de maturation, on dit qu’il est vieux. À déguster à la main, à râper sur vos plats ou à préparer en fondue, le Margériaz est un incontournable. Pour la conservation, enveloppez le fromage dans son papier d’emballage puis mettez-le dans le bas du réfrigérateur. Sortez-le du réfrigérateur une heure avant la consommation et laissez-le à température ambiante.",4.2,10.0,9.3,margeriaz.jpg,d82f10cc-fbfc-4af4-8771-db39c04f1b35,2020-03-08,3.0
Margeriaz,Vache,Pressée cuite,https://www.laboitedufromager.com/fromage/margeriaz/,"Le Margériaz est un fromage au lait cru de vache originaire de la région de l’Auvergne–Rhône-Alpes. Il est apprécié par son goût doux et fruité, sa croute fine et sèche ainsi que sa texture crémeuse et souple une fois en bouche. Sans oublier son arôme qui change en fonction de la saison. Un affinage compris entre 6 à 8 mois minimum est nécessaire afin de relever les saveurs et garder la douceur du fromage. D’ailleurs, au-delà de 12 à 14 mois de maturation, on dit qu’il est vieux. À déguster à la main, à râper sur vos plats ou à préparer en fondue, le Margériaz est un incontournable. Pour la conservation, enveloppez le fromage dans son papier d’emballage puis mettez-le dans le bas du réfrigérateur. Sortez-le du réfrigérateur une heure avant la consommation et laissez-le à température ambiante.",4.2,10.0,9.3,margeriaz.jpg,e22be7b8-0738-460a-8e25-4e3004115524,2021-08-26,3.0
Maroilles,Vache,Molle à croûte lavée,https://www.laboitedufromager.com/fromage/maroilles/,"Le Maroilles est un fromage au lait cru de vache, à pâte molle à croûte lavée de couleur rouge. Sa teneur en matière grasse est d’environ 26% sur Produit fini. Prix à la pièce de 750g : 19,90 € (soit 9,95 € la demi-pièce)",3.35,37.0,9.95,Maroilles4_OK_600600.jpg,22f7d3e6-7e19-4c3c-b120-4b914869cf7a,2020-11-04,1.0
Maroilles,Vache,Molle à croûte lavée,https://www.laboitedufromager.com/fromage/maroilles/,"Le Maroilles est un fromage au lait cru de vache, à pâte molle à croûte lavée de couleur rouge. Sa teneur en matière grasse est d’environ 26% sur Produit fini. Prix à la pièce de 750g : 19,90 € (soit 9,95 € la demi-pièce)",3.35,37.0,9.95,Maroilles4_OK_600600.jpg,137a886f-c612-4123-9ae9-aaf28392f185,2021-01-03,2.0
Maroilles,Vache,Molle à croûte lavée,https://www.laboitedufromager.com/fromage/maroilles/,"Le Maroilles est un fromage au lait cru de vache, à pâte molle à croûte lavée de couleur rouge. Sa teneur en matière grasse est d’environ 26% sur Produit fini. Prix à la pièce de 750g : 19,90 € (soit 9,95 € la demi-pièce)",3.35,37.0,9.95,Maroilles4_OK_600600.jpg,0998cff3-b627-4431-bf94-1d84251ac1d3,2021-07-22,5.0
Maroilles,Vache,Molle à croûte lavée,https://www.laboitedufromager.com/fromage/maroilles/,"Le Maroilles est un fromage au lait cru de vache, à pâte molle à croûte lavée de couleur rouge. Sa teneur en matière grasse est d’environ 26% sur Produit fini. Prix à la pièce de 750g : 19,90 € (soit 9,95 € la demi-pièce)",3.35,37.0,9.95,Maroilles4_OK_600600.jpg,5a9d3697-d4aa-4698-afdd-20d04ab0e42e,2020-07-13,2.0
Maroilles,Vache,Molle à croûte lavée,https://www.laboitedufromager.com/fromage/maroilles/,"Le Maroilles est un fromage au lait cru de vache, à pâte molle à croûte lavée de couleur rouge. Sa teneur en matière grasse est d’environ 26% sur Produit fini. Prix à la pièce de 750g : 19,90 € (soit 9,95 € la demi-pièce)",3.35,37.0,9.95,Maroilles4_OK_600600.jpg,c57a17a4-6b6c-49ad-a121-e9cb6e85fee7,2021-04-05,3.0
Maroilles,Vache,Molle à croûte lavée,https://www.laboitedufromager.com/fromage/maroilles/,"Le Maroilles est un fromage au lait cru de vache, à pâte molle à croûte lavée de couleur rouge. Sa teneur en matière grasse est d’environ 26% sur Produit fini. Prix à la pièce de 750g : 19,90 € (soit 9,95 € la demi-pièce)",3.35,37.0,9.95,Maroilles4_OK_600600.jpg,692aa288-a1d7-451f-af3f-e49bf8999ce3,2021-08-18,1.0
Mascaré,Chèvre,Molle à croûte naturelle,https://www.laboitedufromager.com/fromage/mascare-de-banon/,"Le Mascaré de Banon est un fromage au lait cru entier de chèvre et de brebis, issu d’un caillé lactique. c’est un fromage frais de forme carrée Prix à la pièce : 6,95€ la pièce",NULL,NULL,6.95,Mascare600600.jpg,NULL,NULL,NULL
Mascarpone,Vache ou Bufflonne,Fraîche,NULL,NULL,NULL,NULL,NULL,NULL,572a7131-57c2-42a3-9748-7334b9466a36,2020-07-07,3.0
Mascarpone,Vache ou Bufflonne,Fraîche,NULL,NULL,NULL,NULL,NULL,NULL,0a479159-69e6-41f3-be37-9b837c772d3a,2020-07-19,3.0
Mascarpone,Vache ou Bufflonne,Fraîche,NULL,NULL,NULL,NULL,NULL,NULL,c11cfa32-453b-4673-901d-6c406b24e114,2021-09-19,2.0
Mascarpone,Vache ou Bufflonne,Fraîche,NULL,NULL,NULL,NULL,NULL,NULL,b13a665b-4132-49f1-930f-50ebf156d840,2020-11-04,4.0
Mascarpone,Vache ou Bufflonne,Fraîche,NULL,NULL,NULL,NULL,NULL,NULL,c04b69f3-948c-43a5-ba4e-af34b1659f28,2021-07-09,4.0
Massadel fermier,Vache,Pressée non cuite,https://www.laboitedufromager.com/fromage/massadel-fermier/,"Le Massadel fermier est un fromage fabriqué en Occitanie, à pâte pressée non cuite. Prix au Kilo : 29 € (Soit 8,7€ les 300g)",4.0,6.0,8.7,Massadel_600600.png,9609696f-a70d-4396-b4b9-6d9023ced9aa,2020-10-14,3.0
Massadel fermier,Vache,Pressée non cuite,https://www.laboitedufromager.com/fromage/massadel-fermier/,"Le Massadel fermier est un fromage fabriqué en Occitanie, à pâte pressée non cuite. Prix au Kilo : 29 € (Soit 8,7€ les 300g)",4.0,6.0,8.7,Massadel_600600.png,af490b9b-56b2-40c5-bd62-b08c1ee6c9ca,2020-11-05,1.0
Massadel fermier,Vache,Pressée non cuite,https://www.laboitedufromager.com/fromage/massadel-fermier/,"Le Massadel fermier est un fromage fabriqué en Occitanie, à pâte pressée non cuite. Prix au Kilo : 29 € (Soit 8,7€ les 300g)",4.0,6.0,8.7,Massadel_600600.png,4a89066b-b2e5-42db-84ef-759c05824e35,2020-01-29,1.0
Meule d’été de Savoie,Vache,Pressée cuite,https://www.laboitedufromager.com/fromage/meule-dete-de-savoie/,"La Meule d’été de Savoie est un fromage fabriqué à base de lait cru de vache, affiné pendant 12 mois. Sa pâte pressée cuite est souple et onctueuse, offrant une sensation de fondant au palais. Il se présente en forme de grosse meule cylindrique et bombée. Chaque meule mesure 15 cm de hauteur, 50 cm de diamètre et pèse entre 35 à 45 kg. Sa croûte est de couleur paille dorée. La mise en bouche de la Meule d’été de Savoie offre un léger et un fin goût fruité. Riche en arôme, c’est un fromage doux, composé de 35 % de matières grasses et minutieusement confectionné par la Coopérative de Yenne. Prix au Kilo : 31€ / Kg (Soit 9,30€ les 300g)",4.21,14.0,9.3,meule-d-ete-de-savoie.jpg,deb6acb6-0f96-44e2-a55a-726a6d3cef41,2020-03-29,4.0
Meule d’été de Savoie,Vache,Pressée cuite,https://www.laboitedufromager.com/fromage/meule-dete-de-savoie/,"La Meule d’été de Savoie est un fromage fabriqué à base de lait cru de vache, affiné pendant 12 mois. Sa pâte pressée cuite est souple et onctueuse, offrant une sensation de fondant au palais. Il se présente en forme de grosse meule cylindrique et bombée. Chaque meule mesure 15 cm de hauteur, 50 cm de diamètre et pèse entre 35 à 45 kg. Sa croûte est de couleur paille dorée. La mise en bouche de la Meule d’été de Savoie offre un léger et un fin goût fruité. Riche en arôme, c’est un fromage doux, composé de 35 % de matières grasses et minutieusement confectionné par la Coopérative de Yenne. Prix au Kilo : 31€ / Kg (Soit 9,30€ les 300g)",4.21,14.0,9.3,meule-d-ete-de-savoie.jpg,7106e049-b1dd-49ed-b4cc-d0b4d3473f9c,2020-05-31,5.0
Meule d’été de Savoie,Vache,Pressée cuite,https://www.laboitedufromager.com/fromage/meule-dete-de-savoie/,"La Meule d’été de Savoie est un fromage fabriqué à base de lait cru de vache, affiné pendant 12 mois. Sa pâte pressée cuite est souple et onctueuse, offrant une sensation de fondant au palais. Il se présente en forme de grosse meule cylindrique et bombée. Chaque meule mesure 15 cm de hauteur, 50 cm de diamètre et pèse entre 35 à 45 kg. Sa croûte est de couleur paille dorée. La mise en bouche de la Meule d’été de Savoie offre un léger et un fin goût fruité. Riche en arôme, c’est un fromage doux, composé de 35 % de matières grasses et minutieusement confectionné par la Coopérative de Yenne. Prix au Kilo : 31€ / Kg (Soit 9,30€ les 300g)",4.21,14.0,9.3,meule-d-ete-de-savoie.jpg,8e98348c-9385-4656-b2a7-d6958b1a30ce,2020-04-30,4.0
Meule d’été de Savoie,Vache,Pressée cuite,https://www.laboitedufromager.com/fromage/meule-dete-de-savoie/,"La Meule d’été de Savoie est un fromage fabriqué à base de lait cru de vache, affiné pendant 12 mois. Sa pâte pressée cuite est souple et onctueuse, offrant une sensation de fondant au palais. Il se présente en forme de grosse meule cylindrique et bombée. Chaque meule mesure 15 cm de hauteur, 50 cm de diamètre et pèse entre 35 à 45 kg. Sa croûte est de couleur paille dorée. La mise en bouche de la Meule d’été de Savoie offre un léger et un fin goût fruité. Riche en arôme, c’est un fromage doux, composé de 35 % de matières grasses et minutieusement confectionné par la Coopérative de Yenne. Prix au Kilo : 31€ / Kg (Soit 9,30€ les 300g)",4.21,14.0,9.3,meule-d-ete-de-savoie.jpg,c00f04a6-3b9f-4b0d-986d-775aa4c89dca,2021-11-23,4.0
Meule des Alpes,Vache,Pressée cuite,https://www.laboitedufromager.com/fromage/meule-des-alpes/,"La Meule des Alpes est un fromage fabriqué dans le Rhône-Alpes, à pâte pressée cuite. Prix au Kilo : 31 € (Soit 9,30 € les 300g)",1.8,5.0,9.3,meule-des-alpes_600600.jpg,1f864bd6-09a3-44f1-9ac7-ba952d949a45,2020-07-09,5.0
Mignonne de Vendée,Vache,Pressée non cuite,https://www.laboitedufromager.com/fromage/mignonne-de-vendee/,"La Mignonne de Vendée est un fromage à pâte pressée non cuite. Sa croûte a une couleur grise et sa pâte est moelleuse. Prix au Kilo : 19 € / Kg (Soit 5,70 € les 300g)",4.44,9.0,5.7,Mignonne_Vendee_JL_600600.jpg,71abaaa0-f448-46ab-8588-bf8907d9d504,2020-05-25,5.0
Mignonne de Vendée,Vache,Pressée non cuite,https://www.laboitedufromager.com/fromage/mignonne-de-vendee/,"La Mignonne de Vendée est un fromage à pâte pressée non cuite. Sa croûte a une couleur grise et sa pâte est moelleuse. Prix au Kilo : 19 € / Kg (Soit 5,70 € les 300g)",4.44,9.0,5.7,Mignonne_Vendee_JL_600600.jpg,03837b96-671f-43ef-b933-25c2ecbfb22f,2021-09-21,1.0
Mignonne de Vendée,Vache,Pressée non cuite,https://www.laboitedufromager.com/fromage/mignonne-de-vendee/,"La Mignonne de Vendée est un fromage à pâte pressée non cuite. Sa croûte a une couleur grise et sa pâte est moelleuse. Prix au Kilo : 19 € / Kg (Soit 5,70 € les 300g)",4.44,9.0,5.7,Mignonne_Vendee_JL_600600.jpg,13d7929e-9a44-4489-9016-2d05d40e3270,2020-08-22,4.0
Mignonne de Vendée,Vache,Pressée non cuite,https://www.laboitedufromager.com/fromage/mignonne-de-vendee/,"La Mignonne de Vendée est un fromage à pâte pressée non cuite. Sa croûte a une couleur grise et sa pâte est moelleuse. Prix au Kilo : 19 € / Kg (Soit 5,70 € les 300g)",4.44,9.0,5.7,Mignonne_Vendee_JL_600600.jpg,a625eca4-51dd-454f-b09d-f783147b5830,2020-02-20,4.0
Mimolette,Vache,Pressée non cuite,https://www.laboitedufromager.com/fromage/mimolette-jeune/,"La Mimolette est un fromage au lait cru de vache, à pâte pressée non cuite, appelée également Boule de Lille, avec un affinage de 3 Mois pour la Jeune et de 24 Mois pour l’Extra-Vieille. L’extra-Vieille est l’un des seuls fromages au lait pasteurisé de notre fromagerie. Prix au Kilo : Demi-Veille (environ 6 Mois d’affinage) : 34,50 €/Kg, Soit 10,35 € les 300g Extra-Vieille (Minimum 24 Mois d’affinage) : 44,90 €/Kg, Soit 13,47 € les 300g",3.9,20.0,10.35,mimolette2_600600.jpg,e390e4b7-036b-4890-b389-b99ec26bfd0c,2020-08-03,4.0
Mini perche,Chèvre,Molle à croûte naturelle,https://www.laboitedufromager.com/fromage/mini-perche/,"Le mini perche est un fromage au lait cru de chèvre. Il appartient à la famille des fromages à pâte molle à croûte naturelle. Le mini perche prend la forme d’un petit palet d’environ 95 g au démoulage. Son poids varie en fonction du temps d’affinage. Il contient environ 23 % de matière grasse. Ce qui en fait l’un des fromages les moins gras. Le mini perche peut être frais, affiné ou sec. Sa pâte blanche a une texture crémeuse et dense. En bouche, il révèle des arômes doux de chèvre. Prix à la pièce : 3,90 €",5.0,5.0,4.9,mini-perche_1jl-600600.jpg,cbc59810-8d10-4b8a-9956-cd7027915c16,2020-05-02,3.0
Mini perche,Chèvre,Molle à croûte naturelle,https://www.laboitedufromager.com/fromage/mini-perche/,"Le mini perche est un fromage au lait cru de chèvre. Il appartient à la famille des fromages à pâte molle à croûte naturelle. Le mini perche prend la forme d’un petit palet d’environ 95 g au démoulage. Son poids varie en fonction du temps d’affinage. Il contient environ 23 % de matière grasse. Ce qui en fait l’un des fromages les moins gras. Le mini perche peut être frais, affiné ou sec. Sa pâte blanche a une texture crémeuse et dense. En bouche, il révèle des arômes doux de chèvre. Prix à la pièce : 3,90 €",5.0,5.0,4.9,mini-perche_1jl-600600.jpg,adc707c2-4b7f-49c5-bcd0-ea17fc5fd1d2,2020-12-09,5.0
Mini perche,Chèvre,Molle à croûte naturelle,https://www.laboitedufromager.com/fromage/mini-perche/,"Le mini perche est un fromage au lait cru de chèvre. Il appartient à la famille des fromages à pâte molle à croûte naturelle. Le mini perche prend la forme d’un petit palet d’environ 95 g au démoulage. Son poids varie en fonction du temps d’affinage. Il contient environ 23 % de matière grasse. Ce qui en fait l’un des fromages les moins gras. Le mini perche peut être frais, affiné ou sec. Sa pâte blanche a une texture crémeuse et dense. En bouche, il révèle des arômes doux de chèvre. Prix à la pièce : 3,90 €",5.0,5.0,4.9,mini-perche_1jl-600600.jpg,59124e53-7e67-4a4f-90ea-1e4cad132b87,2020-06-17,2.0
Mini perche,Chèvre,Molle à croûte naturelle,https://www.laboitedufromager.com/fromage/mini-perche/,"Le mini perche est un fromage au lait cru de chèvre. Il appartient à la famille des fromages à pâte molle à croûte naturelle. Le mini perche prend la forme d’un petit palet d’environ 95 g au démoulage. Son poids varie en fonction du temps d’affinage. Il contient environ 23 % de matière grasse. Ce qui en fait l’un des fromages les moins gras. Le mini perche peut être frais, affiné ou sec. Sa pâte blanche a une texture crémeuse et dense. En bouche, il révèle des arômes doux de chèvre. Prix à la pièce : 3,90 €",5.0,5.0,4.9,mini-perche_1jl-600600.jpg,9afdb4af-af8d-4e07-8b71-81df0262b407,2021-02-09,3.0
Mizotte,Vache,Molle à croûte lavée,https://www.laboitedufromager.com/fromage/mizotte/,"Le Mizotte est un fromage à pâte molle à croûte lavée onctueux. Il est de couleur orangé et a une texture moelleuse. Prix au Kilo : 21 € / Kg (Soit 6,30 € les 300g)",3.18,11.0,6.3,mizotte.png,4f353982-b774-409f-8847-17e1c27ae9fb,2020-01-02,5.0
Mizotte,Vache,Molle à croûte lavée,https://www.laboitedufromager.com/fromage/mizotte/,"Le Mizotte est un fromage à pâte molle à croûte lavée onctueux. Il est de couleur orangé et a une texture moelleuse. Prix au Kilo : 21 € / Kg (Soit 6,30 € les 300g)",3.18,11.0,6.3,mizotte.png,a196562e-dc7d-4634-acb5-cbfec60e8bfb,2021-11-02,3.0
Mizotte,Vache,Molle à croûte lavée,https://www.laboitedufromager.com/fromage/mizotte/,"Le Mizotte est un fromage à pâte molle à croûte lavée onctueux. Il est de couleur orangé et a une texture moelleuse. Prix au Kilo : 21 € / Kg (Soit 6,30 € les 300g)",3.18,11.0,6.3,mizotte.png,24a51553-3b6f-4d74-87f6-732e4bb10634,2021-09-23,4.0
Mizotte,Vache,Molle à croûte lavée,https://www.laboitedufromager.com/fromage/mizotte/,"Le Mizotte est un fromage à pâte molle à croûte lavée onctueux. Il est de couleur orangé et a une texture moelleuse. Prix au Kilo : 21 € / Kg (Soit 6,30 € les 300g)",3.18,11.0,6.3,mizotte.png,e147e81e-ef17-47bf-916f-a8382953b480,2020-07-20,3.0
Moelleux du Revard,Vache,Molle à croûte lavée,https://www.laboitedufromager.com/fromage/moelleux-du-revard/,"Le Moelleux du Revard est un fromage de Savoie à pâte molle à croute lavée. Il est produit par Schmidhauser à partir de lait cru de vache. Prix au Kilo : 35€ (soit 10,50€ les 300g)",4.33,3.0,10.5,Moelleux-du-Revard_600600.jpg,7e97c4b9-acb4-4d15-9dd5-9ccb737c0524,2021-10-08,5.0
Moelleux,Vache,Molle à croûte lavée,NULL,NULL,NULL,NULL,NULL,NULL,a559171a-1379-437e-aca6-ec94db4d57cc,2021-06-22,5.0
Moelleux,Vache,Molle à croûte lavée,NULL,NULL,NULL,NULL,NULL,NULL,b0b4ac7d-f046-4644-9676-c9bb31805482,2020-08-13,4.0
Moelleux,Vache,Molle à croûte lavée,NULL,NULL,NULL,NULL,NULL,NULL,67afee7d-b44a-44b1-8054-430045e687ef,2020-01-16,4.0
Moelleux,Vache,Molle à croûte lavée,NULL,NULL,NULL,NULL,NULL,NULL,b88a5ac0-95b4-4e5a-81ff-98da23271300,2020-09-03,3.0
Moelleux,Vache,Molle à croûte lavée,NULL,NULL,NULL,NULL,NULL,NULL,ca9f4748-3beb-490f-8abd-aaa8ad99080a,2020-10-06,4.0
Mont d’Or,Vache,Molle à croûte lavée,https://www.laboitedufromager.com/fromage/mont-d-or/,"Le Mont d’Or ou Vacherin du Haut Doubs est un fromage à pâte molle non cuite, légèrement pressée, de consistance crémeuse. Il est légèrement salée, de couleur blanc à ivoire, à croûte lavée. Il est également légèrement refleurie de couleur jaune à brun clair, cerclé d’une sangle d’épicéa et inséré dans une boîte en bois d’épicéa. La sangle et la boîte font partie intégrante des conditions de production et d’appellation d’origine contrôlée “Mont d’Or” ou “Vacherin du haut Doubs”. Il peut être aussi vendu directement dans sa boite en bois, idéale pour le mettre au four et le manger en fondue Prix au Kilo : 32 € / Kg (Soit 9,60 € les 300g)",4.0,1.0,9.6,Mont-dor600600.jpg,004cf832-d252-4ff4-8259-0a03c9499f04,2021-11-27,4.0
Mont d’Or,Vache,Molle à croûte lavée,https://www.laboitedufromager.com/fromage/mont-d-or/,"Le Mont d’Or ou Vacherin du Haut Doubs est un fromage à pâte molle non cuite, légèrement pressée, de consistance crémeuse. Il est légèrement salée, de couleur blanc à ivoire, à croûte lavée. Il est également légèrement refleurie de couleur jaune à brun clair, cerclé d’une sangle d’épicéa et inséré dans une boîte en bois d’épicéa. La sangle et la boîte font partie intégrante des conditions de production et d’appellation d’origine contrôlée “Mont d’Or” ou “Vacherin du haut Doubs”. Il peut être aussi vendu directement dans sa boite en bois, idéale pour le mettre au four et le manger en fondue Prix au Kilo : 32 € / Kg (Soit 9,60 € les 300g)",4.0,1.0,9.6,Mont-dor600600.jpg,41e6cb10-f909-4b5e-a2d5-0da14b2ebc15,2020-12-25,2.0
Mont d’Or,Vache,Molle à croûte lavée,https://www.laboitedufromager.com/fromage/mont-d-or/,"Le Mont d’Or ou Vacherin du Haut Doubs est un fromage à pâte molle non cuite, légèrement pressée, de consistance crémeuse. Il est légèrement salée, de couleur blanc à ivoire, à croûte lavée. Il est également légèrement refleurie de couleur jaune à brun clair, cerclé d’une sangle d’épicéa et inséré dans une boîte en bois d’épicéa. La sangle et la boîte font partie intégrante des conditions de production et d’appellation d’origine contrôlée “Mont d’Or” ou “Vacherin du haut Doubs”. Il peut être aussi vendu directement dans sa boite en bois, idéale pour le mettre au four et le manger en fondue Prix au Kilo : 32 € / Kg (Soit 9,60 € les 300g)",4.0,1.0,9.6,Mont-dor600600.jpg,3f88b34b-1a63-4bba-a1f7-375912372d91,2021-12-02,5.0
Mont d’Or,Vache,Molle à croûte lavée,https://www.laboitedufromager.com/fromage/mont-d-or/,"Le Mont d’Or ou Vacherin du Haut Doubs est un fromage à pâte molle non cuite, légèrement pressée, de consistance crémeuse. Il est légèrement salée, de couleur blanc à ivoire, à croûte lavée. Il est également légèrement refleurie de couleur jaune à brun clair, cerclé d’une sangle d’épicéa et inséré dans une boîte en bois d’épicéa. La sangle et la boîte font partie intégrante des conditions de production et d’appellation d’origine contrôlée “Mont d’Or” ou “Vacherin du haut Doubs”. Il peut être aussi vendu directement dans sa boite en bois, idéale pour le mettre au four et le manger en fondue Prix au Kilo : 32 € / Kg (Soit 9,60 € les 300g)",4.0,1.0,9.6,Mont-dor600600.jpg,810c8cab-7338-4409-a5ef-e1a90e673b99,2021-03-31,1.0
Mont des Princes,Vache,Pressée cuite,https://www.laboitedufromager.com/fromage/mont-des-princes/,"Le Mont des Princes est un fromage fabriqué en Haute-Savoie, à pâte pressée cuite. Prix au Kilo : 31 € (Soit 9,30 € les 300g)",NULL,NULL,9.3,le-mont-des-princes_jl_k_600600.jpg,7b1f9d32-3caa-4594-9f7f-2212cfe4c4d6,2021-06-08,1.0
Mont des Princes,Vache,Pressée cuite,https://www.laboitedufromager.com/fromage/mont-des-princes/,"Le Mont des Princes est un fromage fabriqué en Haute-Savoie, à pâte pressée cuite. Prix au Kilo : 31 € (Soit 9,30 € les 300g)",NULL,NULL,9.3,le-mont-des-princes_jl_k_600600.jpg,a276932c-3a7b-4732-9d07-c4b5e894b3b1,2020-01-30,4.0
Mont des Princes,Vache,Pressée cuite,https://www.laboitedufromager.com/fromage/mont-des-princes/,"Le Mont des Princes est un fromage fabriqué en Haute-Savoie, à pâte pressée cuite. Prix au Kilo : 31 € (Soit 9,30 € les 300g)",NULL,NULL,9.3,le-mont-des-princes_jl_k_600600.jpg,6be97b8b-53e3-42ce-a8aa-de0eca0a6381,2021-09-24,3.0
Mont-Jura,Vache,Pressée cuite,https://www.laboitedufromager.com/fromage/mont-jura/,"Le Mont-Jura est un fromage à pâte pressée cuite de Franche-Comté, idéal pour pour une petite faim ! Prix au Kilo : 31€ / Kg (Soit 9,30€ les 300g)",4.0,1.0,9.3,Mont-Jura_JL2_600600.jpg,d5f9ee0b-b501-4ef8-8806-e33953a647af,2021-05-05,5.0
Mont-Jura,Vache,Pressée cuite,https://www.laboitedufromager.com/fromage/mont-jura/,"Le Mont-Jura est un fromage à pâte pressée cuite de Franche-Comté, idéal pour pour une petite faim ! Prix au Kilo : 31€ / Kg (Soit 9,30€ les 300g)",4.0,1.0,9.3,Mont-Jura_JL2_600600.jpg,5da86ae1-b164-4aac-9054-b56fb1c5acb9,2021-04-20,1.0
Mont-Jura,Vache,Pressée cuite,https://www.laboitedufromager.com/fromage/mont-jura/,"Le Mont-Jura est un fromage à pâte pressée cuite de Franche-Comté, idéal pour pour une petite faim ! Prix au Kilo : 31€ / Kg (Soit 9,30€ les 300g)",4.0,1.0,9.3,Mont-Jura_JL2_600600.jpg,61c977ca-bb73-4234-96e7-bb6ae99c8158,2020-07-11,4.0
Moulis de Vache,Vache,Pressée non cuite,https://www.laboitedufromager.com/fromage/moulis-de-vache/,"Le Moulis de Vache est un fromage artisanal à pâte pressée non cuite des Pyrénées Ariégeoises.  C’est un fromage à base de lait cru de Vache des Pyrénées très onctueux et souple. Prix au Kilo : 28 € (soit 8,40 € les 300g)",4.0,6.0,8.4,Moulis-de-Vache_1-OK-jlm_600600.jpg,605fc449-9fcc-47f2-9de5-674a817ad5c0,2021-05-23,2.0
Moulis de Vache,Vache,Pressée non cuite,https://www.laboitedufromager.com/fromage/moulis-de-vache/,"Le Moulis de Vache est un fromage artisanal à pâte pressée non cuite des Pyrénées Ariégeoises.  C’est un fromage à base de lait cru de Vache des Pyrénées très onctueux et souple. Prix au Kilo : 28 € (soit 8,40 € les 300g)",4.0,6.0,8.4,Moulis-de-Vache_1-OK-jlm_600600.jpg,6e0b6c72-b1cf-4765-b2cc-18ecf87b9117,2020-04-24,2.0
Moulis de Vache,Vache,Pressée non cuite,https://www.laboitedufromager.com/fromage/moulis-de-vache/,"Le Moulis de Vache est un fromage artisanal à pâte pressée non cuite des Pyrénées Ariégeoises.  C’est un fromage à base de lait cru de Vache des Pyrénées très onctueux et souple. Prix au Kilo : 28 € (soit 8,40 € les 300g)",4.0,6.0,8.4,Moulis-de-Vache_1-OK-jlm_600600.jpg,6fdf8c43-b29f-40ae-ad72-8a9a721ea6e1,2021-05-04,3.0
Morbier artisanal,Vache,Pressée non cuite,https://www.laboitedufromager.com/fromage/morbier/,"Le Morbier est un fromage au lait cru de vache à pâte pressée non cuite. Il contient 28 % de matière grasse sur produit fini. Ce fromage est produit dans les départements du Doubs et du Jura. Il s’agit d’une meule plate à faces planes et à talon légèrement convexe. Le Morbier a la forme d’un cylindre plat de 30 à 40 cm de diamètre et fait 5 à 8 cm de hauteur pour un poids de 6 à 8 kg. Ce produit laitier présente une croute naturelle à l’aspect régulier et de couleur beige orangé. Lorsqu’on le découpe, le Morbier laisse apparaitre une pâte fine et lisse à la couleur qui varie de l’ivoire au jaune pâle. On observe également sur celle-ci de petits trous et en son centre, une raie noire horizontale de charbon végétal qui continue sur toute la tranche du fromage. Prix au Kilo : 26 € (soit 6,50 € les 250g)",4.12,43.0,6.5,Morbier-Artisanal_2_600600.jpg,ac57dce3-685c-4d35-b2e0-942e47da2238,2020-09-05,4.0
Mothais sur feuille,Chèvre,Molle à croûte naturelle,https://www.laboitedufromager.com/fromage/mothais-sur-feuille/,"Le Mothais sur feuille est un fromage de chèvre affiné sur une feuille de chataigner par Le Villageois dans les Deux Sèvres, en Nouvelle-Aquitaine. Vous pouvez le déguster ferme et fondant, lorsqu’il est jeune, crémeux, après quelques semaine d’affinage, ou encore sec, si vous poussez l’affinage encore quelques semaines. A toutes les étapes, vous découvrirez des saveurs différentes, et un goût bien caprin, qui va réveiller vos papilles. Prix à la pièce : 7,70 €",4.2,5.0,7.7,Mothais_1_600600.jpg,39c934cb-76e8-40c4-9932-beb8e34f15a5,2021-09-04,4.0
Mothais sur feuille,Chèvre,Molle à croûte naturelle,https://www.laboitedufromager.com/fromage/mothais-sur-feuille/,"Le Mothais sur feuille est un fromage de chèvre affiné sur une feuille de chataigner par Le Villageois dans les Deux Sèvres, en Nouvelle-Aquitaine. Vous pouvez le déguster ferme et fondant, lorsqu’il est jeune, crémeux, après quelques semaine d’affinage, ou encore sec, si vous poussez l’affinage encore quelques semaines. A toutes les étapes, vous découvrirez des saveurs différentes, et un goût bien caprin, qui va réveiller vos papilles. Prix à la pièce : 7,70 €",4.2,5.0,7.7,Mothais_1_600600.jpg,05ab59d9-e2d9-4e5f-8122-58e1be7888a0,2021-11-30,5.0
Mothais sur feuille,Chèvre,Molle à croûte naturelle,https://www.laboitedufromager.com/fromage/mothais-sur-feuille/,"Le Mothais sur feuille est un fromage de chèvre affiné sur une feuille de chataigner par Le Villageois dans les Deux Sèvres, en Nouvelle-Aquitaine. Vous pouvez le déguster ferme et fondant, lorsqu’il est jeune, crémeux, après quelques semaine d’affinage, ou encore sec, si vous poussez l’affinage encore quelques semaines. A toutes les étapes, vous découvrirez des saveurs différentes, et un goût bien caprin, qui va réveiller vos papilles. Prix à la pièce : 7,70 €",4.2,5.0,7.7,Mothais_1_600600.jpg,1389f7e3-44e1-4d7f-b434-d0af0b8e4171,2021-08-16,1.0
Mozzarella di Bufala Campana,Vache Bufflonne,Frais à pâte filée,https://www.laboitedufromager.com/fromage/la-mozzarella-di-bufala-campana/,"La mozzarella di Buffala Campana est une spécialité fromagère italienne.  Les Italiens l’appellent aussi emphatiquement la reine de la cuisine méditerranéenne, l’or blanc ou la perle de la table. Fromage de 150g. Prix au kilo : 34 €",4.5,4.0,6.5,Mozzarella600600.jpg,eb89b451-566b-467b-ae2b-d3b944465b56,2021-03-19,2.0
Mozzarella di Bufala Campana,Vache Bufflonne,Frais à pâte filée,https://www.laboitedufromager.com/fromage/la-mozzarella-di-bufala-campana/,"La mozzarella di Buffala Campana est une spécialité fromagère italienne.  Les Italiens l’appellent aussi emphatiquement la reine de la cuisine méditerranéenne, l’or blanc ou la perle de la table. Fromage de 150g. Prix au kilo : 34 €",4.5,4.0,6.5,Mozzarella600600.jpg,259cf863-348c-483a-9b3a-4437c1c63923,2020-06-22,3.0
Munster au cumin,Vache,Molle à croûte lavée,https://www.laboitedufromager.com/fromage/munster-au-cumin-aop/,"Le munster fermier au cumin est un fromage au lait de vache, à pâte molle à croûte lavée provenant d’Alsace. De forme cylindrique, de 13 à 19 cm de diamètre et de 2,4 à 8 cm de hauteur, il pèse environ 700g. Prix au Kilo : 24,50 € / Kilo (Soit 4,90 € les 200g)",3.81,16.0,4.9,Munster_Cumin_1_4_OK_600600.jpg,e4d14508-1a28-4671-bf2b-3b21d7d33ea4,2020-08-25,5.0
Munster au cumin,Vache,Molle à croûte lavée,https://www.laboitedufromager.com/fromage/munster-au-cumin-aop/,"Le munster fermier au cumin est un fromage au lait de vache, à pâte molle à croûte lavée provenant d’Alsace. De forme cylindrique, de 13 à 19 cm de diamètre et de 2,4 à 8 cm de hauteur, il pèse environ 700g. Prix au Kilo : 24,50 € / Kilo (Soit 4,90 € les 200g)",3.81,16.0,4.9,Munster_Cumin_1_4_OK_600600.jpg,a3a939f3-6c2d-48a9-90be-2833932c5006,2021-11-12,1.0
Munster au cumin,Vache,Molle à croûte lavée,https://www.laboitedufromager.com/fromage/munster-au-cumin-aop/,"Le munster fermier au cumin est un fromage au lait de vache, à pâte molle à croûte lavée provenant d’Alsace. De forme cylindrique, de 13 à 19 cm de diamètre et de 2,4 à 8 cm de hauteur, il pèse environ 700g. Prix au Kilo : 24,50 € / Kilo (Soit 4,90 € les 200g)",3.81,16.0,4.9,Munster_Cumin_1_4_OK_600600.jpg,34b3fb70-69ca-4ee0-9d2b-d132ac1a5c40,2020-05-05,4.0
Munster au cumin,Vache,Molle à croûte lavée,https://www.laboitedufromager.com/fromage/munster-au-cumin-aop/,"Le munster fermier au cumin est un fromage au lait de vache, à pâte molle à croûte lavée provenant d’Alsace. De forme cylindrique, de 13 à 19 cm de diamètre et de 2,4 à 8 cm de hauteur, il pèse environ 700g. Prix au Kilo : 24,50 € / Kilo (Soit 4,90 € les 200g)",3.81,16.0,4.9,Munster_Cumin_1_4_OK_600600.jpg,b2b264ac-0feb-4ed3-9420-f79993b72fef,2021-09-01,4.0
Munster-Géromé,Vache,Molle à croûte lavée,https://www.laboitedufromager.com/fromage/munster-fermier/,"Le munster fermier, ou Munster-Géromé, est un fromage au lait de vache, à pâte molle à croûte lavée provenant d’Alsace et contenant 45% de matière grasse. Il est produit à partir de lait cru de vache par Haag. De forme cylindrique, de 13 à 19 cm de diamètre et de 2,4 à 8 cm de hauteur, il pèse de 450 g à 1,5 kg. Il existe également un petit Munster ou petit Munster−Géromé de 120 g minimum. Prix au Kilo : 32,50 € (soit environ 275g pour 8,94 €)",4.42,26.0,8.94,Munster_1_600600.jpg,533b1d1d-bb59-4264-9a90-abba9cefc4b4,2020-06-25,3.0
Neufchâtel,Vache,Molle à croûte fleurie,https://www.laboitedufromager.com/fromage/le-neufchatel/,"Fabriqué au lait cru de vache, le Neufchâtel fait partie de la famille des fromages à croûte fleurie et à pâte molle. Il est traditionnellement connu pour sa forme en cœur. Mais il peut aussi être moulé en briquette, bonde cylindrique, carré ou encore en double-bonde. Selon le format, son poids varie entre 100 g à 600 g avec une teneur de 22 % en matière grasse. Sa croûte fleurie légèrement duveteuse donne un nez de sous bois. Elle cache une pâte de couleur jaune sous la croûte et qui devient blanche au cœur du fromage. Crémeux et légèrement salé, le Neufchâtel a un goût lacté avec une nuance de champignon. Les arômes sont de plus en plus prononcés au fur et à mesure que le fromage s’affine. Le Neufchâtel est très calorique. 100 g de ce fromage apporte 255 calories. Il est également une excellente source de protéines, de sodium et de potassium. Prix à la pièce : 5,90 €",3.87,70.0,5.9,neufchatel2_600600.jpg,fffdd73a-4f44-439f-ae79-edd3a7679e4c,2021-06-01,4.0
Neufchâtel,Vache,Molle à croûte fleurie,https://www.laboitedufromager.com/fromage/le-neufchatel/,"Fabriqué au lait cru de vache, le Neufchâtel fait partie de la famille des fromages à croûte fleurie et à pâte molle. Il est traditionnellement connu pour sa forme en cœur. Mais il peut aussi être moulé en briquette, bonde cylindrique, carré ou encore en double-bonde. Selon le format, son poids varie entre 100 g à 600 g avec une teneur de 22 % en matière grasse. Sa croûte fleurie légèrement duveteuse donne un nez de sous bois. Elle cache une pâte de couleur jaune sous la croûte et qui devient blanche au cœur du fromage. Crémeux et légèrement salé, le Neufchâtel a un goût lacté avec une nuance de champignon. Les arômes sont de plus en plus prononcés au fur et à mesure que le fromage s’affine. Le Neufchâtel est très calorique. 100 g de ce fromage apporte 255 calories. Il est également une excellente source de protéines, de sodium et de potassium. Prix à la pièce : 5,90 €",3.87,70.0,5.9,neufchatel2_600600.jpg,0c64786e-a336-4754-8408-045dbb1cfbd7,2021-11-28,3.0
Neufchâtel,Vache,Molle à croûte fleurie,https://www.laboitedufromager.com/fromage/le-neufchatel/,"Fabriqué au lait cru de vache, le Neufchâtel fait partie de la famille des fromages à croûte fleurie et à pâte molle. Il est traditionnellement connu pour sa forme en cœur. Mais il peut aussi être moulé en briquette, bonde cylindrique, carré ou encore en double-bonde. Selon le format, son poids varie entre 100 g à 600 g avec une teneur de 22 % en matière grasse. Sa croûte fleurie légèrement duveteuse donne un nez de sous bois. Elle cache une pâte de couleur jaune sous la croûte et qui devient blanche au cœur du fromage. Crémeux et légèrement salé, le Neufchâtel a un goût lacté avec une nuance de champignon. Les arômes sont de plus en plus prononcés au fur et à mesure que le fromage s’affine. Le Neufchâtel est très calorique. 100 g de ce fromage apporte 255 calories. Il est également une excellente source de protéines, de sodium et de potassium. Prix à la pièce : 5,90 €",3.87,70.0,5.9,neufchatel2_600600.jpg,2d430251-a5e8-4657-b519-5fc8e36dc348,2021-09-08,4.0
Olivet cendré,Vache,Molle à croûte naturelle,https://www.laboitedufromager.com/fromage/olivet-cendre/,"L’OLIVER cendré est un fromage au lait de Vache, pasteurisé et contenant 20% de matière grasse. Il se présente sous la forme d’un disque d’environ 250 grammes, de 12 cm de diamètre et de 2,5 cm de hauteur. Prix à la pièce : 5,20 €",5.0,2.0,5.2,Olivet_Cendre600600.jpg,695b6a8d-ea94-4b86-93ce-5f8418ae72b8,2021-01-06,2.0
Olivet cendré,Vache,Molle à croûte naturelle,https://www.laboitedufromager.com/fromage/olivet-cendre/,"L’OLIVER cendré est un fromage au lait de Vache, pasteurisé et contenant 20% de matière grasse. Il se présente sous la forme d’un disque d’environ 250 grammes, de 12 cm de diamètre et de 2,5 cm de hauteur. Prix à la pièce : 5,20 €",5.0,2.0,5.2,Olivet_Cendre600600.jpg,3a631c98-a009-455c-b3c4-defd4ac67016,2020-05-06,5.0
Olivet cendré,Vache,Molle à croûte naturelle,https://www.laboitedufromager.com/fromage/olivet-cendre/,"L’OLIVER cendré est un fromage au lait de Vache, pasteurisé et contenant 20% de matière grasse. Il se présente sous la forme d’un disque d’environ 250 grammes, de 12 cm de diamètre et de 2,5 cm de hauteur. Prix à la pièce : 5,20 €",5.0,2.0,5.2,Olivet_Cendre600600.jpg,8fdeaa61-8cd5-4344-a7c6-9052683a08b0,2020-01-14,2.0
Ossau-Iraty,Brebis,Pressée non cuite,https://www.laboitedufromager.com/fromage/ossau-iraty-aop/,"L’Ossau-Iraty est un fromage au lait cru de Brebis, à pâte pressée non cuite, produit dans le Pays Basque. Il est affiné entre 2 et 12 Mois. Prix au Kilo : Ossau-Iraty de Plaine : 35,90 €/Kg, Soit 10,77€ les 300g Ossau-Iraty d’Estive : 39,90 €/Kg, soit 11,97€ les 300g",3.67,6.0,NULL,Iraty_600600.jpg,effbe85f-3ab5-4aeb-9461-a661d77157a8,2021-01-15,3.0
Ossau-Iraty,Brebis,Pressée non cuite,https://www.laboitedufromager.com/fromage/ossau-iraty-aop/,"L’Ossau-Iraty est un fromage au lait cru de Brebis, à pâte pressée non cuite, produit dans le Pays Basque. Il est affiné entre 2 et 12 Mois. Prix au Kilo : Ossau-Iraty de Plaine : 35,90 €/Kg, Soit 10,77€ les 300g Ossau-Iraty d’Estive : 39,90 €/Kg, soit 11,97€ les 300g",3.67,6.0,NULL,Iraty_600600.jpg,41858674-2547-41cd-bc61-7c1e7700a7ee,2020-08-12,5.0
Ovalie Romarin,Chèvre,Molle à croûte naturelle,https://www.laboitedufromager.com/fromage/ovalie-romarin/,"L’Ovalie Romarin est un fromage frais au lait entier de chèvre. Sa croûte est striée, de couleur ivoire et très crémeux. Prix à la Pièce : 6,90 €",1.0,1.0,6.9,Ovalie-romarin-affine_600600.jpg,b2fd241d-f7b1-489c-b089-b131cc3ba3c5,2020-03-26,1.0
Ovalie Romarin,Chèvre,Molle à croûte naturelle,https://www.laboitedufromager.com/fromage/ovalie-romarin/,"L’Ovalie Romarin est un fromage frais au lait entier de chèvre. Sa croûte est striée, de couleur ivoire et très crémeux. Prix à la Pièce : 6,90 €",1.0,1.0,6.9,Ovalie-romarin-affine_600600.jpg,04c68dab-9076-4326-9605-c7842bf721a7,2021-06-22,3.0
Ovalie Romarin,Chèvre,Molle à croûte naturelle,https://www.laboitedufromager.com/fromage/ovalie-romarin/,"L’Ovalie Romarin est un fromage frais au lait entier de chèvre. Sa croûte est striée, de couleur ivoire et très crémeux. Prix à la Pièce : 6,90 €",1.0,1.0,6.9,Ovalie-romarin-affine_600600.jpg,67f25761-61bb-4c45-85a5-02229a8be06a,2020-08-30,1.0
Ovalie Romarin,Chèvre,Molle à croûte naturelle,https://www.laboitedufromager.com/fromage/ovalie-romarin/,"L’Ovalie Romarin est un fromage frais au lait entier de chèvre. Sa croûte est striée, de couleur ivoire et très crémeux. Prix à la Pièce : 6,90 €",1.0,1.0,6.9,Ovalie-romarin-affine_600600.jpg,99eb07fa-c6f9-405e-ab3c-7e138b925be1,2020-03-18,4.0
Palet cendré,Chèvre,Molle à croûte naturelle,https://www.laboitedufromager.com/fromage/palet-cendre/,"Le palet cendré est un fromage frais au lait entier de chèvre. Sa pâte est recouverte d’une croûte noir, fine. Prix à la Pièce : 6,90 €",5.0,7.0,6.9,Palet_de_chevre-cendre_JL2_600600.jpg,1175e7f2-1438-47d6-b84b-c0d0ed1fceb4,2020-06-26,3.0
Palet cendré,Chèvre,Molle à croûte naturelle,https://www.laboitedufromager.com/fromage/palet-cendre/,"Le palet cendré est un fromage frais au lait entier de chèvre. Sa pâte est recouverte d’une croûte noir, fine. Prix à la Pièce : 6,90 €",5.0,7.0,6.9,Palet_de_chevre-cendre_JL2_600600.jpg,d31ab76d-bb42-416e-851e-9e6ed241b472,2021-06-23,3.0
Pardou,Vache/Brebis,Pressée non cuite,https://www.laboitedufromager.com/fromage/pardou/,"Le Pardou est un fromage fabriqué dans le Béarn, à pâte pressée non cuite. Prix au Kilo : 32 € (Soit 9,60 € les 300g)",2.14,7.0,9.6,pardou.png,df8ca916-36f4-439c-9565-031a6bd7a63e,2020-12-10,4.0
Pardou,Vache/Brebis,Pressée non cuite,https://www.laboitedufromager.com/fromage/pardou/,"Le Pardou est un fromage fabriqué dans le Béarn, à pâte pressée non cuite. Prix au Kilo : 32 € (Soit 9,60 € les 300g)",2.14,7.0,9.6,pardou.png,e081eb97-0618-47c2-ad48-748e2e8e2c08,2021-02-09,4.0
Pardoux,Chèvre,Molle à croûte naturelle,https://www.laboitedufromager.com/fromage/pardoux/,"Le Pardoux blanc est un fromage au lait cru de chèvre, à pâte molle blanche et striée, recouvert d’une croûte naturelle. Prix à la pièce : 6,50 €",4.0,2.0,6.5,Pardoux-blanc_1JL_600600.jpg,06364bb2-b56a-4444-a71e-f87fb436b646,2021-05-12,4.0
Pardoux,Chèvre,Molle à croûte naturelle,https://www.laboitedufromager.com/fromage/pardoux/,"Le Pardoux blanc est un fromage au lait cru de chèvre, à pâte molle blanche et striée, recouvert d’une croûte naturelle. Prix à la pièce : 6,50 €",4.0,2.0,6.5,Pardoux-blanc_1JL_600600.jpg,76d1e2b9-3e08-42f7-8522-52a03d03cfed,2021-12-16,3.0
Pardoux,Chèvre,Molle à croûte naturelle,https://www.laboitedufromager.com/fromage/pardoux/,"Le Pardoux blanc est un fromage au lait cru de chèvre, à pâte molle blanche et striée, recouvert d’une croûte naturelle. Prix à la pièce : 6,50 €",4.0,2.0,6.5,Pardoux-blanc_1JL_600600.jpg,2f86535f-3871-4623-bb68-e44c941af136,2020-04-02,2.0
Pardoux,Chèvre,Molle à croûte naturelle,https://www.laboitedufromager.com/fromage/pardoux/,"Le Pardoux blanc est un fromage au lait cru de chèvre, à pâte molle blanche et striée, recouvert d’une croûte naturelle. Prix à la pièce : 6,50 €",4.0,2.0,6.5,Pardoux-blanc_1JL_600600.jpg,319f6646-41e9-4c61-a824-6aa2320c0c14,2020-06-15,5.0
Parmigiano reggiano,Vache,Pressée cuite,https://www.laboitedufromager.com/fromage/parmesan-de-montagne/,"Le parmesan est la star des fromages italiens. La plupart des foyers l’utilisent pour agrémenter leurs recettes, notamment les pâtes. Mais ce fromage est également utilisé pour les pizzas, les potages et même les desserts. Le parmesan, parmigiano reggiano en italien, est un fromage à pâte pressée cuite à base de lait de vache partiellement écrémé. Ce fromage se présente sous la forme d’une meule de 35 à 40 cm de diamètre et haut de 20 à 25 cm. Une meule de parmesan pèse entre 30 et 40 kg et nécessite environ 600 litres de lait pour sa fabrication. Le parmesan est un fromage demi-gras. De la famille des « grana », il présente une pâte granuleuse facilement friable. Quant à son goût, il est légèrement piquant et acidulé avec une petite note fruitée. Fabriqué en Lombardie, le parmigiano reggiano dispose d’une DOP (Denominazione di Origine Protetta) — l’équivalent de l’AOP en français — depuis 1996. Prix au kilo : Bruna Alpina : 44,90 € (soit 13,47 € les 300g)",NULL,NULL,13.47,Parmesan_Wikipedia_600600.jpg,c756730c-4572-4d8c-bf2b-e0ce45873d87,2020-08-03,4.0
Parthenay cendré,Chèvre,Molle à croûte naturelle,https://www.laboitedufromager.com/fromage/parthenay-cendre/,"Le Parthenay cendré est un fromage frais au lait entier de chèvre. Sa pâte est recouverte d’une croûte noir, fine. Prix à la Pièce : 6,90 €",NULL,NULL,6.9,Parthenay_2-600600.jpg,0f30f78f-a08b-4b84-a62d-c3f975df7abb,2020-08-04,4.0
Parthenay cendré,Chèvre,Molle à croûte naturelle,https://www.laboitedufromager.com/fromage/parthenay-cendre/,"Le Parthenay cendré est un fromage frais au lait entier de chèvre. Sa pâte est recouverte d’une croûte noir, fine. Prix à la Pièce : 6,90 €",NULL,NULL,6.9,Parthenay_2-600600.jpg,5cb790c3-55fb-400d-8dcf-d908f2a219f0,2020-02-22,3.0
Pavé cendré,Chèvre,Molle à croûte naturelle,https://www.laboitedufromager.com/fromage/pave-cendre/,"Le pavé cendré est un fromage de chèvre au lait cru de chèvre, fabriqué par Johnny Blanc à Parthenay. Prix à la pièce : 8,50 €",4.23,30.0,8.5,Pave-cendre_1_JL_600600.jpg,8fe96f79-3530-4198-b854-692775330138,2020-01-23,3.0
Pavé cendré,Chèvre,Molle à croûte naturelle,https://www.laboitedufromager.com/fromage/pave-cendre/,"Le pavé cendré est un fromage de chèvre au lait cru de chèvre, fabriqué par Johnny Blanc à Parthenay. Prix à la pièce : 8,50 €",4.23,30.0,8.5,Pave-cendre_1_JL_600600.jpg,748b1d1b-1a01-4fdb-81a9-54959937dc24,2020-01-08,1.0
Pavé cendré,Chèvre,Molle à croûte naturelle,https://www.laboitedufromager.com/fromage/pave-cendre/,"Le pavé cendré est un fromage de chèvre au lait cru de chèvre, fabriqué par Johnny Blanc à Parthenay. Prix à la pièce : 8,50 €",4.23,30.0,8.5,Pave-cendre_1_JL_600600.jpg,c701e28d-7b1a-4b24-9e51-6c711f0130a7,2020-01-31,1.0
Pavé cendré,Chèvre,Molle à croûte naturelle,https://www.laboitedufromager.com/fromage/pave-cendre/,"Le pavé cendré est un fromage de chèvre au lait cru de chèvre, fabriqué par Johnny Blanc à Parthenay. Prix à la pièce : 8,50 €",4.23,30.0,8.5,Pave-cendre_1_JL_600600.jpg,6783219d-58e1-4ff8-9c95-d337678b2f5d,2020-03-20,3.0
Pavé Corrézien Mité,Vache,Pressée non cuite,https://www.laboitedufromager.com/fromage/pave-correzien-mite/,"La Tomme d’Auvergne Mitée est un fromage à pâte pressée non cuite, au lait de vache, produit à Rilhac-Xaintrie (en Corrèze). Prix au Kilo : 22,50 € / Kilo (Soit 6,75 € les 300g)",5.0,6.0,6.75,Pave-correzien-ite600600.jpg,28c1d9cf-a6bd-459d-bfe2-c5c090fb785a,2020-04-30,5.0
Pavé Corrézien Mité,Vache,Pressée non cuite,https://www.laboitedufromager.com/fromage/pave-correzien-mite/,"La Tomme d’Auvergne Mitée est un fromage à pâte pressée non cuite, au lait de vache, produit à Rilhac-Xaintrie (en Corrèze). Prix au Kilo : 22,50 € / Kilo (Soit 6,75 € les 300g)",5.0,6.0,6.75,Pave-correzien-ite600600.jpg,dc22b9b7-beab-42b1-8553-185b9e2d1d14,2021-02-03,5.0
Pavé Corrézien Mité,Vache,Pressée non cuite,https://www.laboitedufromager.com/fromage/pave-correzien-mite/,"La Tomme d’Auvergne Mitée est un fromage à pâte pressée non cuite, au lait de vache, produit à Rilhac-Xaintrie (en Corrèze). Prix au Kilo : 22,50 € / Kilo (Soit 6,75 € les 300g)",5.0,6.0,6.75,Pave-correzien-ite600600.jpg,c76ced3d-efe2-4cd4-8112-b5793f7c9313,2020-11-15,4.0
Pavé Corrézien Mité,Vache,Pressée non cuite,https://www.laboitedufromager.com/fromage/pave-correzien-mite/,"La Tomme d’Auvergne Mitée est un fromage à pâte pressée non cuite, au lait de vache, produit à Rilhac-Xaintrie (en Corrèze). Prix au Kilo : 22,50 € / Kilo (Soit 6,75 € les 300g)",5.0,6.0,6.75,Pave-correzien-ite600600.jpg,10bb4b71-e43c-4f68-ae45-9a847019ed90,2020-02-08,1.0
Pavé Corrézien Mité,Vache,Pressée non cuite,https://www.laboitedufromager.com/fromage/pave-correzien-mite/,"La Tomme d’Auvergne Mitée est un fromage à pâte pressée non cuite, au lait de vache, produit à Rilhac-Xaintrie (en Corrèze). Prix au Kilo : 22,50 € / Kilo (Soit 6,75 € les 300g)",5.0,6.0,6.75,Pave-correzien-ite600600.jpg,d9313f1f-c6c9-4788-ac3a-d1bac6ad09fd,2020-05-07,1.0
Pavé Corrézien Mité,Vache,Pressée non cuite,https://www.laboitedufromager.com/fromage/pave-correzien-mite/,"La Tomme d’Auvergne Mitée est un fromage à pâte pressée non cuite, au lait de vache, produit à Rilhac-Xaintrie (en Corrèze). Prix au Kilo : 22,50 € / Kilo (Soit 6,75 € les 300g)",5.0,6.0,6.75,Pave-correzien-ite600600.jpg,d4c80918-56ca-45a0-a006-924e33bb8a52,2021-04-21,4.0
Pavé Corrézien Mité,Vache,Pressée non cuite,https://www.laboitedufromager.com/fromage/pave-correzien-mite/,"La Tomme d’Auvergne Mitée est un fromage à pâte pressée non cuite, au lait de vache, produit à Rilhac-Xaintrie (en Corrèze). Prix au Kilo : 22,50 € / Kilo (Soit 6,75 € les 300g)",5.0,6.0,6.75,Pave-correzien-ite600600.jpg,10482702-b770-475b-9fcb-03e435a792d2,2021-11-01,4.0
Pavé des Cévennes,Brebis,Molle à croûte naturelle,https://www.laboitedufromager.com/fromage/pave-des-cevennes/,"Le pavé des Cévennes est un fromage de brebis au lait cru, à caillage lactique à croûte légèrement fleurie. Sa présentation en forme de pavé gourmet permet une coupe aisée en entamant un seul bord. Un caillage lactique en bassine pour un moulage à la louche du caillé sans pré-égouttage assure la finesse de la pâte. Sur les plateaux de fromages, pour les apéritifs dînatoires, les petites faims. Les enfants apprécient sa douceur. Seul ou accompagné d’autres saveurs, sur des tartines, il attire l’œil et stimule les papilles des amateurs de fromages. Ce fromage est fabriqué à partir de lait cru de brebis provenant d’exploitations agricoles rigoureusement sélectionnées. Toutes ces exploitations pratiquent une agriculture raisonnée et se sont engagées par la signature d’un cahier des charges, à respecter ; une démarche qualitative respectueuse des causses Méjean. Prix au Kilo : 4 € La Pièce",5.0,1.0,4.0,Pave600600.jpg,a4ea39b8-5d78-4cf6-8a3a-4b1eaccc8b71,2021-12-01,4.0
Pavé des Cévennes,Brebis,Molle à croûte naturelle,https://www.laboitedufromager.com/fromage/pave-des-cevennes/,"Le pavé des Cévennes est un fromage de brebis au lait cru, à caillage lactique à croûte légèrement fleurie. Sa présentation en forme de pavé gourmet permet une coupe aisée en entamant un seul bord. Un caillage lactique en bassine pour un moulage à la louche du caillé sans pré-égouttage assure la finesse de la pâte. Sur les plateaux de fromages, pour les apéritifs dînatoires, les petites faims. Les enfants apprécient sa douceur. Seul ou accompagné d’autres saveurs, sur des tartines, il attire l’œil et stimule les papilles des amateurs de fromages. Ce fromage est fabriqué à partir de lait cru de brebis provenant d’exploitations agricoles rigoureusement sélectionnées. Toutes ces exploitations pratiquent une agriculture raisonnée et se sont engagées par la signature d’un cahier des charges, à respecter ; une démarche qualitative respectueuse des causses Méjean. Prix au Kilo : 4 € La Pièce",5.0,1.0,4.0,Pave600600.jpg,7936a96b-70ba-47c0-8378-0de80d82e93c,2020-11-07,3.0
Pavé des Cévennes,Brebis,Molle à croûte naturelle,https://www.laboitedufromager.com/fromage/pave-des-cevennes/,"Le pavé des Cévennes est un fromage de brebis au lait cru, à caillage lactique à croûte légèrement fleurie. Sa présentation en forme de pavé gourmet permet une coupe aisée en entamant un seul bord. Un caillage lactique en bassine pour un moulage à la louche du caillé sans pré-égouttage assure la finesse de la pâte. Sur les plateaux de fromages, pour les apéritifs dînatoires, les petites faims. Les enfants apprécient sa douceur. Seul ou accompagné d’autres saveurs, sur des tartines, il attire l’œil et stimule les papilles des amateurs de fromages. Ce fromage est fabriqué à partir de lait cru de brebis provenant d’exploitations agricoles rigoureusement sélectionnées. Toutes ces exploitations pratiquent une agriculture raisonnée et se sont engagées par la signature d’un cahier des charges, à respecter ; une démarche qualitative respectueuse des causses Méjean. Prix au Kilo : 4 € La Pièce",5.0,1.0,4.0,Pave600600.jpg,6d5c6215-0a8a-484d-8dae-d940835f9665,2021-12-24,3.0
Pavé des Cévennes,Brebis,Molle à croûte naturelle,https://www.laboitedufromager.com/fromage/pave-des-cevennes/,"Le pavé des Cévennes est un fromage de brebis au lait cru, à caillage lactique à croûte légèrement fleurie. Sa présentation en forme de pavé gourmet permet une coupe aisée en entamant un seul bord. Un caillage lactique en bassine pour un moulage à la louche du caillé sans pré-égouttage assure la finesse de la pâte. Sur les plateaux de fromages, pour les apéritifs dînatoires, les petites faims. Les enfants apprécient sa douceur. Seul ou accompagné d’autres saveurs, sur des tartines, il attire l’œil et stimule les papilles des amateurs de fromages. Ce fromage est fabriqué à partir de lait cru de brebis provenant d’exploitations agricoles rigoureusement sélectionnées. Toutes ces exploitations pratiquent une agriculture raisonnée et se sont engagées par la signature d’un cahier des charges, à respecter ; une démarche qualitative respectueuse des causses Méjean. Prix au Kilo : 4 € La Pièce",5.0,1.0,4.0,Pave600600.jpg,5090820c-535f-4e76-ae22-94b734527bf6,2020-05-16,2.0
Pavé du Larzac,Brebis,Molle à croûte fleurie,https://www.laboitedufromager.com/fromage/pave-du-larzac/,"Le Pavé du Larzac est un fromage au lait Thermisé de Brebis, à pâte molle à croûte naturelle. Le Larzac est fabriqué en Aveyron au sein des causses et du parc naturel des Cévennes. Prix à la pièce de 150g :  5€ (soit 33,33€/Kg)",4.33,3.0,5.0,Pave_du_Larzac600600.jpg,af5d9e9e-043f-499f-a643-634e7df4055d,2021-08-26,4.0
Pavé du Larzac,Brebis,Molle à croûte fleurie,https://www.laboitedufromager.com/fromage/pave-du-larzac/,"Le Pavé du Larzac est un fromage au lait Thermisé de Brebis, à pâte molle à croûte naturelle. Le Larzac est fabriqué en Aveyron au sein des causses et du parc naturel des Cévennes. Prix à la pièce de 150g :  5€ (soit 33,33€/Kg)",4.33,3.0,5.0,Pave_du_Larzac600600.jpg,b690dfd4-c37c-4855-a5e8-9d094f36e5b7,2020-05-17,1.0
Pavé du Larzac,Brebis,Molle à croûte fleurie,https://www.laboitedufromager.com/fromage/pave-du-larzac/,"Le Pavé du Larzac est un fromage au lait Thermisé de Brebis, à pâte molle à croûte naturelle. Le Larzac est fabriqué en Aveyron au sein des causses et du parc naturel des Cévennes. Prix à la pièce de 150g :  5€ (soit 33,33€/Kg)",4.33,3.0,5.0,Pave_du_Larzac600600.jpg,d7c2d256-9aee-44ca-9566-79f1bf536f45,2020-05-20,5.0
Pavé Fermier,Vache,Molle à croûte fleurie,https://www.laboitedufromager.com/fromage/pave-fermier/,"Le pavé fermier est un fromage au lait cru de vache, à pâte molle à la croûte fleurie provenant de la Haute-Savoie. Prix à la Pièce : 5,90 €",3.6,5.0,5.9,Pave_Cremeux_Fermier600600.jpg,59bcced2-c72a-448c-9f6e-1f23b8f2f020,2020-12-26,4.0
Pavé Fermier,Vache,Molle à croûte fleurie,https://www.laboitedufromager.com/fromage/pave-fermier/,"Le pavé fermier est un fromage au lait cru de vache, à pâte molle à la croûte fleurie provenant de la Haute-Savoie. Prix à la Pièce : 5,90 €",3.6,5.0,5.9,Pave_Cremeux_Fermier600600.jpg,d2224301-5e0e-45bb-84ed-4cb6d0551926,2020-10-12,4.0
Pavé Fermier,Vache,Molle à croûte fleurie,https://www.laboitedufromager.com/fromage/pave-fermier/,"Le pavé fermier est un fromage au lait cru de vache, à pâte molle à la croûte fleurie provenant de la Haute-Savoie. Prix à la Pièce : 5,90 €",3.6,5.0,5.9,Pave_Cremeux_Fermier600600.jpg,d7d9c925-686a-4f2b-b1de-039aab6ef4ac,2020-10-17,5.0
Pavé Fermier,Vache,Molle à croûte fleurie,https://www.laboitedufromager.com/fromage/pave-fermier/,"Le pavé fermier est un fromage au lait cru de vache, à pâte molle à la croûte fleurie provenant de la Haute-Savoie. Prix à la Pièce : 5,90 €",3.6,5.0,5.9,Pave_Cremeux_Fermier600600.jpg,dbbea3bf-8cfc-453f-84fe-6ac0d3573887,2021-06-11,1.0
Pavé Fermier,Vache,Molle à croûte fleurie,https://www.laboitedufromager.com/fromage/pave-fermier/,"Le pavé fermier est un fromage au lait cru de vache, à pâte molle à la croûte fleurie provenant de la Haute-Savoie. Prix à la Pièce : 5,90 €",3.6,5.0,5.9,Pave_Cremeux_Fermier600600.jpg,8e241829-9545-4162-b6dc-ab231678b580,2021-11-22,3.0
Pavin,Vache,Pressée non cuite,https://www.laboitedufromager.com/fromage/pavin/,"Ce fromage d’Auvergne à pâte pressée non cuite est un compromis entre le Saint Nectaire et le Murol. Il présente une belle croûte de couleur rouge/orange du fait qu’il soit lavé avec du rocou (colorant naturel). Prix à la Demi-Pièce : 8,75 €",4.8,5.0,8.75,Pavin-dAuvergne_JL2_600600.jpg,85c65d2a-9481-452d-a617-6281a05f87f1,2021-01-19,4.0
Pavin,Vache,Pressée non cuite,https://www.laboitedufromager.com/fromage/pavin/,"Ce fromage d’Auvergne à pâte pressée non cuite est un compromis entre le Saint Nectaire et le Murol. Il présente une belle croûte de couleur rouge/orange du fait qu’il soit lavé avec du rocou (colorant naturel). Prix à la Demi-Pièce : 8,75 €",4.8,5.0,8.75,Pavin-dAuvergne_JL2_600600.jpg,158227c0-0bee-4c82-8909-33531ed75a67,2021-06-18,2.0
Pecorino Stagionato,Brebis,Pressée cuite,https://www.laboitedufromager.com/fromage/pecorino/,"Le Pecorino est un fromage à pâte pressée cuite à base de lait de brebis. Il nous vient d’Italie en Sardaigne. En réalité, il existe plusieurs variétés du fromage Pecorino et chacun dispose d’une appellation AOP. Celui originaire de Sardaigne est appelé Pecorino Sardo ou Fiore Sardo. Il en existe d’ailleurs deux types : le Pecorino Sardo frais ou Dolce et le Pecorino Sardo affiné ou Maturo. La différence entre eux réside dans leurs techniques de traitement, leur taille et leur saveur. La version fraîche du Pecorino a une période de maturation allant de 20 à 60 jours. On le prépare avec de la présure de veau. Le Pecorino Dolce est blanc-jaune avec une pâte blanche parsemée de trous. Il possède un goût délicat, aromatique et légèrement acidulé. Le Pecorino Maturo a une période de maturation de 8 mois. On le fabrique avec de la présure d’agneau. Sa pâte varie du blanc à un léger jaune paille. En bouche, il est plus marqué, voire piquant. Prix au Kilo : 39€/ Kg  (Soit 11,70€ les 300g)",4.32,22.0,11.7,Pecorino-nature_600600.jpg,d9399550-4310-4a7d-844f-22c83bfc72bb,2021-02-27,5.0
Pecorino Stagionato,Brebis,Pressée cuite,https://www.laboitedufromager.com/fromage/pecorino/,"Le Pecorino est un fromage à pâte pressée cuite à base de lait de brebis. Il nous vient d’Italie en Sardaigne. En réalité, il existe plusieurs variétés du fromage Pecorino et chacun dispose d’une appellation AOP. Celui originaire de Sardaigne est appelé Pecorino Sardo ou Fiore Sardo. Il en existe d’ailleurs deux types : le Pecorino Sardo frais ou Dolce et le Pecorino Sardo affiné ou Maturo. La différence entre eux réside dans leurs techniques de traitement, leur taille et leur saveur. La version fraîche du Pecorino a une période de maturation allant de 20 à 60 jours. On le prépare avec de la présure de veau. Le Pecorino Dolce est blanc-jaune avec une pâte blanche parsemée de trous. Il possède un goût délicat, aromatique et légèrement acidulé. Le Pecorino Maturo a une période de maturation de 8 mois. On le fabrique avec de la présure d’agneau. Sa pâte varie du blanc à un léger jaune paille. En bouche, il est plus marqué, voire piquant. Prix au Kilo : 39€/ Kg  (Soit 11,70€ les 300g)",4.32,22.0,11.7,Pecorino-nature_600600.jpg,f3008bf7-cc6f-4d57-aee8-7f95f1b03efb,2021-05-23,4.0
Pecorino Stagionato,Brebis,Pressée cuite,https://www.laboitedufromager.com/fromage/pecorino/,"Le Pecorino est un fromage à pâte pressée cuite à base de lait de brebis. Il nous vient d’Italie en Sardaigne. En réalité, il existe plusieurs variétés du fromage Pecorino et chacun dispose d’une appellation AOP. Celui originaire de Sardaigne est appelé Pecorino Sardo ou Fiore Sardo. Il en existe d’ailleurs deux types : le Pecorino Sardo frais ou Dolce et le Pecorino Sardo affiné ou Maturo. La différence entre eux réside dans leurs techniques de traitement, leur taille et leur saveur. La version fraîche du Pecorino a une période de maturation allant de 20 à 60 jours. On le prépare avec de la présure de veau. Le Pecorino Dolce est blanc-jaune avec une pâte blanche parsemée de trous. Il possède un goût délicat, aromatique et légèrement acidulé. Le Pecorino Maturo a une période de maturation de 8 mois. On le fabrique avec de la présure d’agneau. Sa pâte varie du blanc à un léger jaune paille. En bouche, il est plus marqué, voire piquant. Prix au Kilo : 39€/ Kg  (Soit 11,70€ les 300g)",4.32,22.0,11.7,Pecorino-nature_600600.jpg,ad7ab09a-0f8f-45c9-b2ff-c53ccdef5fb1,2020-09-11,2.0
Pélardon,Chèvre,Molle à croûte naturelle,https://www.laboitedufromager.com/fromage/pelardon/,"Le Pelardon est un fromage au lait de chèvre entier à pâte molle produit en Lozère par la Fromagerie des Cévennes. Sa croûte est fine. Sa pâte est de couleur blanche à ivoire, de texture homogène. La forme de ces fromages est celle d’un cylindre à bord arrondi d’environ 2,2 à 2,7 cm de hauteur et de 6 à 7 cm de diamètre. Il pèse un peu plus de 60 grammes onze jours après l’emprésurage, et contient 21% de matière grasse du produit fini. Prix à la pièce : 3,20 €",NULL,NULL,3.2,Pelardon600600.jpg,558ffa86-1ff3-4a7b-94ef-f15c22aa705c,2020-05-06,2.0
Pélardon,Chèvre,Molle à croûte naturelle,https://www.laboitedufromager.com/fromage/pelardon/,"Le Pelardon est un fromage au lait de chèvre entier à pâte molle produit en Lozère par la Fromagerie des Cévennes. Sa croûte est fine. Sa pâte est de couleur blanche à ivoire, de texture homogène. La forme de ces fromages est celle d’un cylindre à bord arrondi d’environ 2,2 à 2,7 cm de hauteur et de 6 à 7 cm de diamètre. Il pèse un peu plus de 60 grammes onze jours après l’emprésurage, et contient 21% de matière grasse du produit fini. Prix à la pièce : 3,20 €",NULL,NULL,3.2,Pelardon600600.jpg,104f9f07-9fab-4417-b024-8432efd84c38,2020-06-11,1.0
Pélardon,Chèvre,Molle à croûte naturelle,https://www.laboitedufromager.com/fromage/pelardon/,"Le Pelardon est un fromage au lait de chèvre entier à pâte molle produit en Lozère par la Fromagerie des Cévennes. Sa croûte est fine. Sa pâte est de couleur blanche à ivoire, de texture homogène. La forme de ces fromages est celle d’un cylindre à bord arrondi d’environ 2,2 à 2,7 cm de hauteur et de 6 à 7 cm de diamètre. Il pèse un peu plus de 60 grammes onze jours après l’emprésurage, et contient 21% de matière grasse du produit fini. Prix à la pièce : 3,20 €",NULL,NULL,3.2,Pelardon600600.jpg,f62a8440-57c7-4d6c-bd29-cec6280506e0,2020-06-06,3.0
Pélardon,Chèvre,Molle à croûte naturelle,https://www.laboitedufromager.com/fromage/pelardon/,"Le Pelardon est un fromage au lait de chèvre entier à pâte molle produit en Lozère par la Fromagerie des Cévennes. Sa croûte est fine. Sa pâte est de couleur blanche à ivoire, de texture homogène. La forme de ces fromages est celle d’un cylindre à bord arrondi d’environ 2,2 à 2,7 cm de hauteur et de 6 à 7 cm de diamètre. Il pèse un peu plus de 60 grammes onze jours après l’emprésurage, et contient 21% de matière grasse du produit fini. Prix à la pièce : 3,20 €",NULL,NULL,3.2,Pelardon600600.jpg,0ae25663-46b4-4e12-a7cf-d08dff506e0f,2020-01-17,1.0
Pélardon,Chèvre,Molle à croûte naturelle,https://www.laboitedufromager.com/fromage/pelardon/,"Le Pelardon est un fromage au lait de chèvre entier à pâte molle produit en Lozère par la Fromagerie des Cévennes. Sa croûte est fine. Sa pâte est de couleur blanche à ivoire, de texture homogène. La forme de ces fromages est celle d’un cylindre à bord arrondi d’environ 2,2 à 2,7 cm de hauteur et de 6 à 7 cm de diamètre. Il pèse un peu plus de 60 grammes onze jours après l’emprésurage, et contient 21% de matière grasse du produit fini. Prix à la pièce : 3,20 €",NULL,NULL,3.2,Pelardon600600.jpg,56fefb49-d18c-4bfb-ba3a-c20cfc7d0f19,2020-05-05,5.0
Pérail de Brebis,Brebis,Molle à croûte naturelle,https://www.laboitedufromager.com/fromage/perail-de-brebis/,"Le péril de brebis est un fromage au lait de brebis. c’est un fromage de forme ovale. Prix à la pièce : 6,95€ la pièce",5.0,3.0,6.95,Perail_Papillon_JL_600600.jpg,9056c217-be89-474f-9f81-e89be1b7ca92,2021-04-22,2.0
Pérail de Brebis,Brebis,Molle à croûte naturelle,https://www.laboitedufromager.com/fromage/perail-de-brebis/,"Le péril de brebis est un fromage au lait de brebis. c’est un fromage de forme ovale. Prix à la pièce : 6,95€ la pièce",5.0,3.0,6.95,Perail_Papillon_JL_600600.jpg,e7eba410-947e-4451-9971-cbf9ec3aef2b,2020-04-10,5.0
Pérail de Brebis,Brebis,Molle à croûte naturelle,https://www.laboitedufromager.com/fromage/perail-de-brebis/,"Le péril de brebis est un fromage au lait de brebis. c’est un fromage de forme ovale. Prix à la pièce : 6,95€ la pièce",5.0,3.0,6.95,Perail_Papillon_JL_600600.jpg,ad7d9289-4d63-4dd0-b3ce-a03c4c96cd14,2021-11-21,2.0
Pérail de Brebis,Brebis,Molle à croûte naturelle,https://www.laboitedufromager.com/fromage/perail-de-brebis/,"Le péril de brebis est un fromage au lait de brebis. c’est un fromage de forme ovale. Prix à la pièce : 6,95€ la pièce",5.0,3.0,6.95,Perail_Papillon_JL_600600.jpg,cdff8b9b-dd9b-4091-8eaa-5cf7b7fc7332,2021-04-05,5.0
Péraldou,Brebis,Molle à croûte naturelle,https://www.laboitedufromager.com/fromage/peraldou/,"Le Peraldou est un fromage de brebis au lait cru, à caillage lactique à croûte légèrement fleurie. Un caillage lactique en bassine pour un moulage à la louche du caillé sans pré-égouttage assure la finesse de la pâte. Prix de la pièce :",3.67,6.0,3.8,Peraldou600600.jpg,ffa26aba-ce92-4518-bd85-82380bbb05be,2020-05-10,3.0
Péraldou,Brebis,Molle à croûte naturelle,https://www.laboitedufromager.com/fromage/peraldou/,"Le Peraldou est un fromage de brebis au lait cru, à caillage lactique à croûte légèrement fleurie. Un caillage lactique en bassine pour un moulage à la louche du caillé sans pré-égouttage assure la finesse de la pâte. Prix de la pièce :",3.67,6.0,3.8,Peraldou600600.jpg,aa48f2ad-4e48-4ffd-9acd-6f7c4765b95b,2020-07-08,5.0
Péraldou,Brebis,Molle à croûte naturelle,https://www.laboitedufromager.com/fromage/peraldou/,"Le Peraldou est un fromage de brebis au lait cru, à caillage lactique à croûte légèrement fleurie. Un caillage lactique en bassine pour un moulage à la louche du caillé sans pré-égouttage assure la finesse de la pâte. Prix de la pièce :",3.67,6.0,3.8,Peraldou600600.jpg,9ea65066-2c39-4fff-aa2c-ed323584a188,2021-05-29,4.0
Péraldou,Brebis,Molle à croûte naturelle,https://www.laboitedufromager.com/fromage/peraldou/,"Le Peraldou est un fromage de brebis au lait cru, à caillage lactique à croûte légèrement fleurie. Un caillage lactique en bassine pour un moulage à la louche du caillé sans pré-égouttage assure la finesse de la pâte. Prix de la pièce :",3.67,6.0,3.8,Peraldou600600.jpg,9c816750-a059-4bcc-87e5-7d42b2d8a696,2020-08-29,1.0
Péraldou,Brebis,Molle à croûte naturelle,https://www.laboitedufromager.com/fromage/peraldou/,"Le Peraldou est un fromage de brebis au lait cru, à caillage lactique à croûte légèrement fleurie. Un caillage lactique en bassine pour un moulage à la louche du caillé sans pré-égouttage assure la finesse de la pâte. Prix de la pièce :",3.67,6.0,3.8,Peraldou600600.jpg,224e20d4-e518-4047-9a47-6defc1eb7726,2021-07-02,2.0
Péraldou,Brebis,Molle à croûte naturelle,https://www.laboitedufromager.com/fromage/peraldou/,"Le Peraldou est un fromage de brebis au lait cru, à caillage lactique à croûte légèrement fleurie. Un caillage lactique en bassine pour un moulage à la louche du caillé sans pré-égouttage assure la finesse de la pâte. Prix de la pièce :",3.67,6.0,3.8,Peraldou600600.jpg,79effef5-69af-4b1c-b835-fc19466ca828,2021-07-16,5.0
Persillé de Chèvre,Chèvre,Pâte persillée,https://www.laboitedufromager.com/fromage/persille-de-chevre-fermier/,"Le Persillé de Chèvre est un fromage au lait de chèvre pasteurisé, à pâte persillée, provenant des Yvelynes. Prix au Kilo : 29 € / Kg (Soit 7,25 € les 250g)",3.75,4.0,7.25,Persille-de-chevre-fermier_600600.png,93ce03f9-42ab-42c7-ad46-1e626e90bc58,2020-11-03,5.0
Persillé de Chèvre,Chèvre,Pâte persillée,https://www.laboitedufromager.com/fromage/persille-de-chevre-fermier/,"Le Persillé de Chèvre est un fromage au lait de chèvre pasteurisé, à pâte persillée, provenant des Yvelynes. Prix au Kilo : 29 € / Kg (Soit 7,25 € les 250g)",3.75,4.0,7.25,Persille-de-chevre-fermier_600600.png,1ae0e1d2-5130-4a05-8d43-2c46d41fbae4,2021-05-10,2.0
Persillé de Chèvre,Chèvre,Pâte persillée,https://www.laboitedufromager.com/fromage/persille-de-chevre-fermier/,"Le Persillé de Chèvre est un fromage au lait de chèvre pasteurisé, à pâte persillée, provenant des Yvelynes. Prix au Kilo : 29 € / Kg (Soit 7,25 € les 250g)",3.75,4.0,7.25,Persille-de-chevre-fermier_600600.png,fc1e441a-1e37-4a19-b7c1-b2ebc3e75d17,2021-05-28,3.0
Persillé de Chèvre,Chèvre,Pâte persillée,https://www.laboitedufromager.com/fromage/persille-de-chevre-fermier/,"Le Persillé de Chèvre est un fromage au lait de chèvre pasteurisé, à pâte persillée, provenant des Yvelynes. Prix au Kilo : 29 € / Kg (Soit 7,25 € les 250g)",3.75,4.0,7.25,Persille-de-chevre-fermier_600600.png,976c2010-def6-4939-8d1d-e818a7f9d419,2020-07-01,2.0
Persillé de Chèvre,Chèvre,Pâte persillée,https://www.laboitedufromager.com/fromage/persille-de-chevre-fermier/,"Le Persillé de Chèvre est un fromage au lait de chèvre pasteurisé, à pâte persillée, provenant des Yvelynes. Prix au Kilo : 29 € / Kg (Soit 7,25 € les 250g)",3.75,4.0,7.25,Persille-de-chevre-fermier_600600.png,3a1d38d6-3e89-4647-a541-156616a22802,2020-05-08,3.0
Persillé de Tignes,Vache / Chèvre,Pressée non cuite,NULL,NULL,NULL,NULL,NULL,NULL,NULL,NULL,NULL
Petit Chistera,Vache,Pressée non cuite,https://www.laboitedufromager.com/fromage/le-petit-chistera/,"Le Petit Chistera à la forme d’un petit disque à talon convexe assez épais. Prix au Kilo : 35 € (soit 10,50€ les 300g)",4.0,2.0,10.5,chistera-bethmale_2-600600.jpg,f62e7fe5-5afb-4437-ab04-348a0d40a6f2,2021-08-23,2.0
Petit Chistera,Vache,Pressée non cuite,https://www.laboitedufromager.com/fromage/le-petit-chistera/,"Le Petit Chistera à la forme d’un petit disque à talon convexe assez épais. Prix au Kilo : 35 € (soit 10,50€ les 300g)",4.0,2.0,10.5,chistera-bethmale_2-600600.jpg,8b683456-9639-42ec-bc1f-91b8fbce250a,2021-11-29,3.0
Petit Chistera,Vache,Pressée non cuite,https://www.laboitedufromager.com/fromage/le-petit-chistera/,"Le Petit Chistera à la forme d’un petit disque à talon convexe assez épais. Prix au Kilo : 35 € (soit 10,50€ les 300g)",4.0,2.0,10.5,chistera-bethmale_2-600600.jpg,40efb8d1-916a-4463-981b-a8688096fcc3,2021-09-03,1.0
Petit Chistera,Vache,Pressée non cuite,https://www.laboitedufromager.com/fromage/le-petit-chistera/,"Le Petit Chistera à la forme d’un petit disque à talon convexe assez épais. Prix au Kilo : 35 € (soit 10,50€ les 300g)",4.0,2.0,10.5,chistera-bethmale_2-600600.jpg,096ab90e-3d9f-4353-ba1b-6f7fb924dbf2,2021-08-21,1.0
Petit Dongé,Vache,Molle à croûte fleurie,https://www.laboitedufromager.com/fromage/petit-donge/,"Le Petit Dongé est un fromage au lait cru de vache, à pâte molle et à croûte fleurie, dont la teneur en matière grasse sur produit fini est de 20 %. Il se présente sous la forme d’un petit cylindre, d’un poids total d’un kilo. Prix au kilo : 23€/Kg (soit 5,75€ les 250g)",5.0,2.0,5.75,Petit-Donge_600600.jpg,f94f459e-e43b-4179-b457-50de60d6d18a,2020-06-28,5.0
Petit Dongé,Vache,Molle à croûte fleurie,https://www.laboitedufromager.com/fromage/petit-donge/,"Le Petit Dongé est un fromage au lait cru de vache, à pâte molle et à croûte fleurie, dont la teneur en matière grasse sur produit fini est de 20 %. Il se présente sous la forme d’un petit cylindre, d’un poids total d’un kilo. Prix au kilo : 23€/Kg (soit 5,75€ les 250g)",5.0,2.0,5.75,Petit-Donge_600600.jpg,d63d34ce-43c0-4aab-9562-64d99d6650b4,2021-03-23,3.0
Petit Gaugry,Vache,Molle à croûte lavée,https://www.laboitedufromager.com/fromage/le-petit-gaugry-mini-epoisses/,"Le Petit Gaugry est un fromage au lait de vache entier, à pâte molle et croûte lavée, d’au moins 50% de matière grasse. Sa couleur, due à la pigmentation naturelle de ses ferments, est rouge orangé. Sa pâte, de couleur beige clair, est molle et souple et présente un coeur légèrement friable plus ou moins étendu selon la maturité du fromage. Prix à la pièce : 3,20 €",3.57,7.0,4.5,Petit_Gaugry_1_OK_600600.jpg,08a3d607-f861-4f7a-8bbb-6e16bccd9cbb,2021-08-07,4.0
Petit Gaugry,Vache,Molle à croûte lavée,https://www.laboitedufromager.com/fromage/le-petit-gaugry-mini-epoisses/,"Le Petit Gaugry est un fromage au lait de vache entier, à pâte molle et croûte lavée, d’au moins 50% de matière grasse. Sa couleur, due à la pigmentation naturelle de ses ferments, est rouge orangé. Sa pâte, de couleur beige clair, est molle et souple et présente un coeur légèrement friable plus ou moins étendu selon la maturité du fromage. Prix à la pièce : 3,20 €",3.57,7.0,4.5,Petit_Gaugry_1_OK_600600.jpg,c15eafb4-1515-4961-bfbf-ce9b1c4166d9,2021-08-27,4.0
Petit Gaugry,Vache,Molle à croûte lavée,https://www.laboitedufromager.com/fromage/le-petit-gaugry-mini-epoisses/,"Le Petit Gaugry est un fromage au lait de vache entier, à pâte molle et croûte lavée, d’au moins 50% de matière grasse. Sa couleur, due à la pigmentation naturelle de ses ferments, est rouge orangé. Sa pâte, de couleur beige clair, est molle et souple et présente un coeur légèrement friable plus ou moins étendu selon la maturité du fromage. Prix à la pièce : 3,20 €",3.57,7.0,4.5,Petit_Gaugry_1_OK_600600.jpg,9f56df64-56fe-4e66-b2f1-c0826f4c6d14,2020-09-13,5.0
Petit Gaugry,Vache,Molle à croûte lavée,https://www.laboitedufromager.com/fromage/le-petit-gaugry-mini-epoisses/,"Le Petit Gaugry est un fromage au lait de vache entier, à pâte molle et croûte lavée, d’au moins 50% de matière grasse. Sa couleur, due à la pigmentation naturelle de ses ferments, est rouge orangé. Sa pâte, de couleur beige clair, est molle et souple et présente un coeur légèrement friable plus ou moins étendu selon la maturité du fromage. Prix à la pièce : 3,20 €",3.57,7.0,4.5,Petit_Gaugry_1_OK_600600.jpg,f60b0ba3-b8d5-40c8-bafd-ad2dd186f22e,2020-01-27,4.0
Petit Gaugry,Vache,Molle à croûte lavée,https://www.laboitedufromager.com/fromage/le-petit-gaugry-mini-epoisses/,"Le Petit Gaugry est un fromage au lait de vache entier, à pâte molle et croûte lavée, d’au moins 50% de matière grasse. Sa couleur, due à la pigmentation naturelle de ses ferments, est rouge orangé. Sa pâte, de couleur beige clair, est molle et souple et présente un coeur légèrement friable plus ou moins étendu selon la maturité du fromage. Prix à la pièce : 3,20 €",3.57,7.0,4.5,Petit_Gaugry_1_OK_600600.jpg,9401ad93-7eb8-483b-b3ee-db660e822f59,2020-04-03,4.0
Petit Louvie,Chèvre,Molle à croûte naturelle,https://www.laboitedufromager.com/fromage/petit-louvie/,"Le Petit Louvie est un petit fromage fermier au lait cru de chèvre. Prix à la Pièce : 8,25 €",5.0,1.0,8.25,Petit-Louvie_3_OK_600600.jpg,15d8bcaa-6930-4239-bd95-6edee4b22137,2020-06-01,1.0
Petit Louvie,Chèvre,Molle à croûte naturelle,https://www.laboitedufromager.com/fromage/petit-louvie/,"Le Petit Louvie est un petit fromage fermier au lait cru de chèvre. Prix à la Pièce : 8,25 €",5.0,1.0,8.25,Petit-Louvie_3_OK_600600.jpg,b59c2462-3d9f-4bd9-823f-e8d54d3b2334,2021-09-02,1.0
Petit Louvie,Chèvre,Molle à croûte naturelle,https://www.laboitedufromager.com/fromage/petit-louvie/,"Le Petit Louvie est un petit fromage fermier au lait cru de chèvre. Prix à la Pièce : 8,25 €",5.0,1.0,8.25,Petit-Louvie_3_OK_600600.jpg,b4897b92-afcd-4585-8964-948115ef2ca7,2020-06-03,4.0
Petit Louvie,Chèvre,Molle à croûte naturelle,https://www.laboitedufromager.com/fromage/petit-louvie/,"Le Petit Louvie est un petit fromage fermier au lait cru de chèvre. Prix à la Pièce : 8,25 €",5.0,1.0,8.25,Petit-Louvie_3_OK_600600.jpg,fb08c0b2-52e6-46cc-b91d-63456887d72a,2020-10-17,5.0
Petit Louvie,Chèvre,Molle à croûte naturelle,https://www.laboitedufromager.com/fromage/petit-louvie/,"Le Petit Louvie est un petit fromage fermier au lait cru de chèvre. Prix à la Pièce : 8,25 €",5.0,1.0,8.25,Petit-Louvie_3_OK_600600.jpg,1580b4ba-1f51-4a8c-ab23-3e93119f33b0,2020-01-14,3.0
Petit Louvie,Chèvre,Molle à croûte naturelle,https://www.laboitedufromager.com/fromage/petit-louvie/,"Le Petit Louvie est un petit fromage fermier au lait cru de chèvre. Prix à la Pièce : 8,25 €",5.0,1.0,8.25,Petit-Louvie_3_OK_600600.jpg,7682bc66-1f89-4274-a30f-931cb18c3762,2021-07-03,4.0
Petit Saint Point,Vache,Molle à croûte lavée,https://www.laboitedufromager.com/fromage/petit-st-point/,"Le Petit St-Point est un fromage au lait de vache entier et cru à pâte molle à croûte lavée qui se présente sous la forme d’un cylindre plat, d’environ 350 g et qui contient environ 25% de matière grasse sur produit fini. Ces fromages peuvent également se présenter sous la forme d’un petit reblochon d’un poids moyen d’environ 260 g. Prix au Kilo : 24,00 € / Kg (Soit 4,32 € le Demi (180g environ))",3.5,6.0,4.32,ST-POINT_demi_1_OK_600600.jpg,1e418a5e-ecee-4735-94e7-7c51496429cb,2021-04-21,1.0
Petit Saint Point,Vache,Molle à croûte lavée,https://www.laboitedufromager.com/fromage/petit-st-point/,"Le Petit St-Point est un fromage au lait de vache entier et cru à pâte molle à croûte lavée qui se présente sous la forme d’un cylindre plat, d’environ 350 g et qui contient environ 25% de matière grasse sur produit fini. Ces fromages peuvent également se présenter sous la forme d’un petit reblochon d’un poids moyen d’environ 260 g. Prix au Kilo : 24,00 € / Kg (Soit 4,32 € le Demi (180g environ))",3.5,6.0,4.32,ST-POINT_demi_1_OK_600600.jpg,0d2e895a-68fb-47da-bbca-d19b219c2647,2020-03-22,3.0
Petite Bonde,Chèvre,Molle à croûte naturelle,https://www.laboitedufromager.com/fromage/petite-bonde/,"La petite bonde est un fromage au lait cru de Chèvre. Ce chèvre a la forme d’une “Bonde” et se devient de plus en plus goûtue avec le temps. Garder quelques semaines, et vous découvrirez un fromage de chèvre pleins de caractères ! Prix à la Pièce : 8,50€",NULL,NULL,8.5,Bonde-de-gatine_JL_600600.jpg,f8118f9f-5924-41eb-9318-96da9f1a41e4,2021-11-21,4.0
Petite Bonde,Chèvre,Molle à croûte naturelle,https://www.laboitedufromager.com/fromage/petite-bonde/,"La petite bonde est un fromage au lait cru de Chèvre. Ce chèvre a la forme d’une “Bonde” et se devient de plus en plus goûtue avec le temps. Garder quelques semaines, et vous découvrirez un fromage de chèvre pleins de caractères ! Prix à la Pièce : 8,50€",NULL,NULL,8.5,Bonde-de-gatine_JL_600600.jpg,942e8f33-2c6e-4770-8bf1-8d1f7baa8928,2021-11-01,2.0
Petite Bonde,Chèvre,Molle à croûte naturelle,https://www.laboitedufromager.com/fromage/petite-bonde/,"La petite bonde est un fromage au lait cru de Chèvre. Ce chèvre a la forme d’une “Bonde” et se devient de plus en plus goûtue avec le temps. Garder quelques semaines, et vous découvrirez un fromage de chèvre pleins de caractères ! Prix à la Pièce : 8,50€",NULL,NULL,8.5,Bonde-de-gatine_JL_600600.jpg,6c806270-be58-48c1-8e10-ae6342eea251,2020-01-01,1.0
Petite Bonde,Chèvre,Molle à croûte naturelle,https://www.laboitedufromager.com/fromage/petite-bonde/,"La petite bonde est un fromage au lait cru de Chèvre. Ce chèvre a la forme d’une “Bonde” et se devient de plus en plus goûtue avec le temps. Garder quelques semaines, et vous découvrirez un fromage de chèvre pleins de caractères ! Prix à la Pièce : 8,50€",NULL,NULL,8.5,Bonde-de-gatine_JL_600600.jpg,92ddcaa2-ac1e-42db-87dd-d0ee075086ef,2021-11-22,3.0
Petite Bonde,Chèvre,Molle à croûte naturelle,https://www.laboitedufromager.com/fromage/petite-bonde/,"La petite bonde est un fromage au lait cru de Chèvre. Ce chèvre a la forme d’une “Bonde” et se devient de plus en plus goûtue avec le temps. Garder quelques semaines, et vous découvrirez un fromage de chèvre pleins de caractères ! Prix à la Pièce : 8,50€",NULL,NULL,8.5,Bonde-de-gatine_JL_600600.jpg,9f25119e-bfeb-412b-b179-b21f86b1e2fd,2021-01-20,2.0
Petite Bonde,Chèvre,Molle à croûte naturelle,https://www.laboitedufromager.com/fromage/petite-bonde/,"La petite bonde est un fromage au lait cru de Chèvre. Ce chèvre a la forme d’une “Bonde” et se devient de plus en plus goûtue avec le temps. Garder quelques semaines, et vous découvrirez un fromage de chèvre pleins de caractères ! Prix à la Pièce : 8,50€",NULL,NULL,8.5,Bonde-de-gatine_JL_600600.jpg,4ffdac5d-8d42-4e4f-95be-a02e331c4063,2020-02-21,5.0
Picodon,Chèvre,Molle à croûte naturelle,https://www.laboitedufromager.com/fromage/picodon/,"Le Picodon est un fromage au lait de chèvre entier, à pâte molle blanche ou jaune, recouvert d’une croûte naturelle fleurie. Sa teneur minimale en matière grasse est de minimum 20% sur produit fini. Il se présente sous la forme d’un petit palet circulaire de 1,8 à 2,5 cm de hauteur. Prix à la pièce : 3,50 €",4.0,6.0,3.5,Picodon_600600.jpg,582c7c44-eb6e-4ac7-af52-385322509288,2020-07-04,2.0
Picodon,Chèvre,Molle à croûte naturelle,https://www.laboitedufromager.com/fromage/picodon/,"Le Picodon est un fromage au lait de chèvre entier, à pâte molle blanche ou jaune, recouvert d’une croûte naturelle fleurie. Sa teneur minimale en matière grasse est de minimum 20% sur produit fini. Il se présente sous la forme d’un petit palet circulaire de 1,8 à 2,5 cm de hauteur. Prix à la pièce : 3,50 €",4.0,6.0,3.5,Picodon_600600.jpg,4f1c2e68-df47-4768-811e-d07dca4c4bf7,2020-06-06,5.0
Picodon,Chèvre,Molle à croûte naturelle,https://www.laboitedufromager.com/fromage/picodon/,"Le Picodon est un fromage au lait de chèvre entier, à pâte molle blanche ou jaune, recouvert d’une croûte naturelle fleurie. Sa teneur minimale en matière grasse est de minimum 20% sur produit fini. Il se présente sous la forme d’un petit palet circulaire de 1,8 à 2,5 cm de hauteur. Prix à la pièce : 3,50 €",4.0,6.0,3.5,Picodon_600600.jpg,3d5ff1e0-4fdd-47cb-8050-3c3e89b36cf3,2021-10-09,2.0
Picodon,Chèvre,Molle à croûte naturelle,https://www.laboitedufromager.com/fromage/picodon/,"Le Picodon est un fromage au lait de chèvre entier, à pâte molle blanche ou jaune, recouvert d’une croûte naturelle fleurie. Sa teneur minimale en matière grasse est de minimum 20% sur produit fini. Il se présente sous la forme d’un petit palet circulaire de 1,8 à 2,5 cm de hauteur. Prix à la pièce : 3,50 €",4.0,6.0,3.5,Picodon_600600.jpg,15870873-84b7-4449-ae13-0a115a1051b8,2021-03-27,2.0
Pierre Blanche,Vache,Molle à croûte fleurie,https://www.laboitedufromager.com/fromage/pierre-blanche/,"La Pierre Blanche est un fromage au lait cru de vache, à pâte molle à la croûte fleurie et duveteuse. Prix à la Pièce : 7,36 €",3.69,16.0,7.36,Pierre-Blanche_2_600600.jpg,660d8079-9e1f-4364-92cf-fc2dbe18ab0e,2020-06-19,3.0
Pierre Blanche,Vache,Molle à croûte fleurie,https://www.laboitedufromager.com/fromage/pierre-blanche/,"La Pierre Blanche est un fromage au lait cru de vache, à pâte molle à la croûte fleurie et duveteuse. Prix à la Pièce : 7,36 €",3.69,16.0,7.36,Pierre-Blanche_2_600600.jpg,15c4ba39-2a7f-49ac-9d80-ac47dd56f316,2021-12-28,1.0
Pierre Blanche,Vache,Molle à croûte fleurie,https://www.laboitedufromager.com/fromage/pierre-blanche/,"La Pierre Blanche est un fromage au lait cru de vache, à pâte molle à la croûte fleurie et duveteuse. Prix à la Pièce : 7,36 €",3.69,16.0,7.36,Pierre-Blanche_2_600600.jpg,987c6072-c5c5-4b5f-88c8-4de2a59801e3,2020-06-23,3.0
Pitchou,Chèvre,Molle à croûte naturelle,https://www.laboitedufromager.com/fromage/pitchou/,"Le pitchou est un fromage de chèvre au lait cru de chèvre, fabriqué par la fromagerie Le Côteau. Prix à la pièce : 8,50 €",5.0,6.0,8.5,Pitchou_JL_600600.jpg,3710e8f3-5811-4594-ac26-2ae2a6534b83,2020-03-04,2.0
Pitchou,Chèvre,Molle à croûte naturelle,https://www.laboitedufromager.com/fromage/pitchou/,"Le pitchou est un fromage de chèvre au lait cru de chèvre, fabriqué par la fromagerie Le Côteau. Prix à la pièce : 8,50 €",5.0,6.0,8.5,Pitchou_JL_600600.jpg,115e6e93-2e16-4cc2-9814-562b319ae8cf,2020-03-13,5.0
Pitchou,Chèvre,Molle à croûte naturelle,https://www.laboitedufromager.com/fromage/pitchou/,"Le pitchou est un fromage de chèvre au lait cru de chèvre, fabriqué par la fromagerie Le Côteau. Prix à la pièce : 8,50 €",5.0,6.0,8.5,Pitchou_JL_600600.jpg,95600e60-9944-410c-9168-2898c299bb27,2021-09-03,5.0
Pitchou,Chèvre,Molle à croûte naturelle,https://www.laboitedufromager.com/fromage/pitchou/,"Le pitchou est un fromage de chèvre au lait cru de chèvre, fabriqué par la fromagerie Le Côteau. Prix à la pièce : 8,50 €",5.0,6.0,8.5,Pitchou_JL_600600.jpg,9858605b-5cb0-4a8a-8f63-3190ae0f4974,2021-09-28,1.0
Plaisir au Chablis,Vache,Molle à croûte lavée,https://www.laboitedufromager.com/fromage/plaisir-au-chablis/,"Le Plaisir au Chablis est un fromage à pâte molle à croûte lavée produit à partir de lait cru de vache. Il est produit par Gaugry en Côte d’or. Ce fromages est issu d’une fabrication artisanale, depuis déjà 1999, et l’affinage qui se fait au vin blanc de Chablis lui permet d’être plus doux et subtil en bouche, que ces cousins affinés au Marc de Bourgogne (tel que l’Ami du Chambertin ou le Petit Gaugry). Il se présente sous la forme d’un petit cylindre pesant environ 200g et à une couleur jaune orangée. Prix au Kilo : 31,50€ (soit 6,30€ la pièce)",4.5,4.0,6.3,Plaisir-au-Chablis_JL-600600.jpg,ef84baf9-23c3-4f81-943b-a2e032163186,2020-02-01,1.0
Plaisir au Chablis,Vache,Molle à croûte lavée,https://www.laboitedufromager.com/fromage/plaisir-au-chablis/,"Le Plaisir au Chablis est un fromage à pâte molle à croûte lavée produit à partir de lait cru de vache. Il est produit par Gaugry en Côte d’or. Ce fromages est issu d’une fabrication artisanale, depuis déjà 1999, et l’affinage qui se fait au vin blanc de Chablis lui permet d’être plus doux et subtil en bouche, que ces cousins affinés au Marc de Bourgogne (tel que l’Ami du Chambertin ou le Petit Gaugry). Il se présente sous la forme d’un petit cylindre pesant environ 200g et à une couleur jaune orangée. Prix au Kilo : 31,50€ (soit 6,30€ la pièce)",4.5,4.0,6.3,Plaisir-au-Chablis_JL-600600.jpg,aa5c93b6-2cd8-41be-8a27-ef2d87317efe,2020-01-09,4.0
Pomerol,Vache,Pressée non cuite,https://www.laboitedufromager.com/fromage/pomerol/,"Le Pomerol est un fromage à pâte pressée non cuite avec une croûte de couleur ivoire produit dans la région du Limousin. C’est un cousin proche du Cantal jeune avec beaucoup de points communs tant sur l’aspect que sur le gout. Ainsi, il s’agit d’un fromage à pâte pressée non cuite avec une croute de couleur ivoire. Il est produit à partir de lait pasteurisé de vache et se présente sous la forme d’un cylindre avec un poids d’environ 40 kg. Pour ce qui de son gout, le Pomerol est doux, onctueux et beurré avec une pâte souple et crémeuse. Durant la saison hivernale, il se fait généralement appeler « Boule de neige », tandis que l’appellation Pomerol est utilisée tout le reste de l’année. Pour faire ressortir sa douceur et son gout, ce fromage est affiné pendant 15 à 20 jours. Prix au Kilo : 25 € / Kg (soit 7,50 € les 300g)",3.92,12.0,7.5,pomerol.jpg,d791ae46-b0e6-4c35-9d96-d4d0f4e5c156,2021-01-15,2.0
Pomerol,Vache,Pressée non cuite,https://www.laboitedufromager.com/fromage/pomerol/,"Le Pomerol est un fromage à pâte pressée non cuite avec une croûte de couleur ivoire produit dans la région du Limousin. C’est un cousin proche du Cantal jeune avec beaucoup de points communs tant sur l’aspect que sur le gout. Ainsi, il s’agit d’un fromage à pâte pressée non cuite avec une croute de couleur ivoire. Il est produit à partir de lait pasteurisé de vache et se présente sous la forme d’un cylindre avec un poids d’environ 40 kg. Pour ce qui de son gout, le Pomerol est doux, onctueux et beurré avec une pâte souple et crémeuse. Durant la saison hivernale, il se fait généralement appeler « Boule de neige », tandis que l’appellation Pomerol est utilisée tout le reste de l’année. Pour faire ressortir sa douceur et son gout, ce fromage est affiné pendant 15 à 20 jours. Prix au Kilo : 25 € / Kg (soit 7,50 € les 300g)",3.92,12.0,7.5,pomerol.jpg,d861c4d4-1594-4192-8e5b-f2b1de8c3d6e,2021-02-05,3.0
Pomerol,Vache,Pressée non cuite,https://www.laboitedufromager.com/fromage/pomerol/,"Le Pomerol est un fromage à pâte pressée non cuite avec une croûte de couleur ivoire produit dans la région du Limousin. C’est un cousin proche du Cantal jeune avec beaucoup de points communs tant sur l’aspect que sur le gout. Ainsi, il s’agit d’un fromage à pâte pressée non cuite avec une croute de couleur ivoire. Il est produit à partir de lait pasteurisé de vache et se présente sous la forme d’un cylindre avec un poids d’environ 40 kg. Pour ce qui de son gout, le Pomerol est doux, onctueux et beurré avec une pâte souple et crémeuse. Durant la saison hivernale, il se fait généralement appeler « Boule de neige », tandis que l’appellation Pomerol est utilisée tout le reste de l’année. Pour faire ressortir sa douceur et son gout, ce fromage est affiné pendant 15 à 20 jours. Prix au Kilo : 25 € / Kg (soit 7,50 € les 300g)",3.92,12.0,7.5,pomerol.jpg,848a7661-2361-4ff9-892e-94dd9d16208d,2021-03-22,5.0
Pont l’Évêque,Vache,Molle à croûte lavée,https://www.laboitedufromager.com/fromage/pont-leveque/,"Le Pont l’Évêque ? C’est l’un des plus anciens fromages de Normandie. Son nom dérive de son origine géographique qui n’est autre que le bourg de Pont-l’Évêque dans le Calvados. C’est aussi sa principale zone de production. Nommé AOP depuis 1996, le Pont l’Évêque est reconnu entre mille pour sa recette ancestrale transmise de génération en génération. Ce fromage au lait de vache présente une pâte molle et homogène avec une croûte lavée. Selon son affinage, cette dernière peut être de couleur jaune orangé ou jaune paille. C’est un véritable péché normand aux senteurs florales et fruitées. À la fois doux et crémeux, il révèle des saveurs uniques de terroir : beurré, lacté, légèrement fumé avec des arômes typés de noisettes. Très affiné, ce fromage devient très intense en bouche. C’est l’idéal pour séduire les palais. La forme carrée du Pont l’Évêque se présente sous plusieurs tailles et des poids variés. Son format classique est de 105 à 115 mm de côté et pèse en moyenne 420 g. Ceci renferme 25 % de matière grasse. Prix à la pièce de 400g : 11,90 €",3.92,26.0,11.9,Pont-l-Eveque_2_600600.jpg,51156897-0828-4bd3-95bf-20d8756cc323,2020-06-18,1.0
Pont l’Évêque,Vache,Molle à croûte lavée,https://www.laboitedufromager.com/fromage/pont-leveque/,"Le Pont l’Évêque ? C’est l’un des plus anciens fromages de Normandie. Son nom dérive de son origine géographique qui n’est autre que le bourg de Pont-l’Évêque dans le Calvados. C’est aussi sa principale zone de production. Nommé AOP depuis 1996, le Pont l’Évêque est reconnu entre mille pour sa recette ancestrale transmise de génération en génération. Ce fromage au lait de vache présente une pâte molle et homogène avec une croûte lavée. Selon son affinage, cette dernière peut être de couleur jaune orangé ou jaune paille. C’est un véritable péché normand aux senteurs florales et fruitées. À la fois doux et crémeux, il révèle des saveurs uniques de terroir : beurré, lacté, légèrement fumé avec des arômes typés de noisettes. Très affiné, ce fromage devient très intense en bouche. C’est l’idéal pour séduire les palais. La forme carrée du Pont l’Évêque se présente sous plusieurs tailles et des poids variés. Son format classique est de 105 à 115 mm de côté et pèse en moyenne 420 g. Ceci renferme 25 % de matière grasse. Prix à la pièce de 400g : 11,90 €",3.92,26.0,11.9,Pont-l-Eveque_2_600600.jpg,9f3c6ec3-e695-444a-9254-0dbc4f410584,2021-07-15,2.0
Pont l’Évêque,Vache,Molle à croûte lavée,https://www.laboitedufromager.com/fromage/pont-leveque/,"Le Pont l’Évêque ? C’est l’un des plus anciens fromages de Normandie. Son nom dérive de son origine géographique qui n’est autre que le bourg de Pont-l’Évêque dans le Calvados. C’est aussi sa principale zone de production. Nommé AOP depuis 1996, le Pont l’Évêque est reconnu entre mille pour sa recette ancestrale transmise de génération en génération. Ce fromage au lait de vache présente une pâte molle et homogène avec une croûte lavée. Selon son affinage, cette dernière peut être de couleur jaune orangé ou jaune paille. C’est un véritable péché normand aux senteurs florales et fruitées. À la fois doux et crémeux, il révèle des saveurs uniques de terroir : beurré, lacté, légèrement fumé avec des arômes typés de noisettes. Très affiné, ce fromage devient très intense en bouche. C’est l’idéal pour séduire les palais. La forme carrée du Pont l’Évêque se présente sous plusieurs tailles et des poids variés. Son format classique est de 105 à 115 mm de côté et pèse en moyenne 420 g. Ceci renferme 25 % de matière grasse. Prix à la pièce de 400g : 11,90 €",3.92,26.0,11.9,Pont-l-Eveque_2_600600.jpg,2be7e861-f313-4639-aacf-9bbeed283df6,2021-08-22,1.0
Pont l’Évêque,Vache,Molle à croûte lavée,https://www.laboitedufromager.com/fromage/pont-leveque/,"Le Pont l’Évêque ? C’est l’un des plus anciens fromages de Normandie. Son nom dérive de son origine géographique qui n’est autre que le bourg de Pont-l’Évêque dans le Calvados. C’est aussi sa principale zone de production. Nommé AOP depuis 1996, le Pont l’Évêque est reconnu entre mille pour sa recette ancestrale transmise de génération en génération. Ce fromage au lait de vache présente une pâte molle et homogène avec une croûte lavée. Selon son affinage, cette dernière peut être de couleur jaune orangé ou jaune paille. C’est un véritable péché normand aux senteurs florales et fruitées. À la fois doux et crémeux, il révèle des saveurs uniques de terroir : beurré, lacté, légèrement fumé avec des arômes typés de noisettes. Très affiné, ce fromage devient très intense en bouche. C’est l’idéal pour séduire les palais. La forme carrée du Pont l’Évêque se présente sous plusieurs tailles et des poids variés. Son format classique est de 105 à 115 mm de côté et pèse en moyenne 420 g. Ceci renferme 25 % de matière grasse. Prix à la pièce de 400g : 11,90 €",3.92,26.0,11.9,Pont-l-Eveque_2_600600.jpg,83bfeef7-fbe1-4e07-b7d6-c885426f0fee,2020-02-26,1.0
Pont l’Évêque,Vache,Molle à croûte lavée,https://www.laboitedufromager.com/fromage/pont-leveque/,"Le Pont l’Évêque ? C’est l’un des plus anciens fromages de Normandie. Son nom dérive de son origine géographique qui n’est autre que le bourg de Pont-l’Évêque dans le Calvados. C’est aussi sa principale zone de production. Nommé AOP depuis 1996, le Pont l’Évêque est reconnu entre mille pour sa recette ancestrale transmise de génération en génération. Ce fromage au lait de vache présente une pâte molle et homogène avec une croûte lavée. Selon son affinage, cette dernière peut être de couleur jaune orangé ou jaune paille. C’est un véritable péché normand aux senteurs florales et fruitées. À la fois doux et crémeux, il révèle des saveurs uniques de terroir : beurré, lacté, légèrement fumé avec des arômes typés de noisettes. Très affiné, ce fromage devient très intense en bouche. C’est l’idéal pour séduire les palais. La forme carrée du Pont l’Évêque se présente sous plusieurs tailles et des poids variés. Son format classique est de 105 à 115 mm de côté et pèse en moyenne 420 g. Ceci renferme 25 % de matière grasse. Prix à la pièce de 400g : 11,90 €",3.92,26.0,11.9,Pont-l-Eveque_2_600600.jpg,18476196-7d35-4f05-b55f-299bf287440a,2021-09-22,1.0
Pont l’Évêque,Vache,Molle à croûte lavée,https://www.laboitedufromager.com/fromage/pont-leveque/,"Le Pont l’Évêque ? C’est l’un des plus anciens fromages de Normandie. Son nom dérive de son origine géographique qui n’est autre que le bourg de Pont-l’Évêque dans le Calvados. C’est aussi sa principale zone de production. Nommé AOP depuis 1996, le Pont l’Évêque est reconnu entre mille pour sa recette ancestrale transmise de génération en génération. Ce fromage au lait de vache présente une pâte molle et homogène avec une croûte lavée. Selon son affinage, cette dernière peut être de couleur jaune orangé ou jaune paille. C’est un véritable péché normand aux senteurs florales et fruitées. À la fois doux et crémeux, il révèle des saveurs uniques de terroir : beurré, lacté, légèrement fumé avec des arômes typés de noisettes. Très affiné, ce fromage devient très intense en bouche. C’est l’idéal pour séduire les palais. La forme carrée du Pont l’Évêque se présente sous plusieurs tailles et des poids variés. Son format classique est de 105 à 115 mm de côté et pèse en moyenne 420 g. Ceci renferme 25 % de matière grasse. Prix à la pièce de 400g : 11,90 €",3.92,26.0,11.9,Pont-l-Eveque_2_600600.jpg,5155a63b-b96b-4aba-86cc-a9c6dfb1bd9b,2021-08-09,4.0
Pont l’Évêque,Vache,Molle à croûte lavée,https://www.laboitedufromager.com/fromage/pont-leveque/,"Le Pont l’Évêque ? C’est l’un des plus anciens fromages de Normandie. Son nom dérive de son origine géographique qui n’est autre que le bourg de Pont-l’Évêque dans le Calvados. C’est aussi sa principale zone de production. Nommé AOP depuis 1996, le Pont l’Évêque est reconnu entre mille pour sa recette ancestrale transmise de génération en génération. Ce fromage au lait de vache présente une pâte molle et homogène avec une croûte lavée. Selon son affinage, cette dernière peut être de couleur jaune orangé ou jaune paille. C’est un véritable péché normand aux senteurs florales et fruitées. À la fois doux et crémeux, il révèle des saveurs uniques de terroir : beurré, lacté, légèrement fumé avec des arômes typés de noisettes. Très affiné, ce fromage devient très intense en bouche. C’est l’idéal pour séduire les palais. La forme carrée du Pont l’Évêque se présente sous plusieurs tailles et des poids variés. Son format classique est de 105 à 115 mm de côté et pèse en moyenne 420 g. Ceci renferme 25 % de matière grasse. Prix à la pièce de 400g : 11,90 €",3.92,26.0,11.9,Pont-l-Eveque_2_600600.jpg,30ef29d8-2ceb-4035-af8b-b0f056a4449f,2021-04-02,2.0
Pouligny-Saint-Pierre,Chèvre,Molle à croûte naturelle,https://www.laboitedufromager.com/fromage/pouligny-saint-pierre-aop/,"Le Pouligny-saint-pierre a une forme pyramidale. C’est un fromage à pâte molle à croûte naturelle au lait cru de chèvre Fermier. Prix à la Pièce : 9,90 €",4.0,3.0,9.9,Pouligny_4_OK_600600.jpg,bddc1298-40f9-4423-aa4e-1cfb666b6d8c,2021-05-29,5.0
Pouligny-Saint-Pierre,Chèvre,Molle à croûte naturelle,https://www.laboitedufromager.com/fromage/pouligny-saint-pierre-aop/,"Le Pouligny-saint-pierre a une forme pyramidale. C’est un fromage à pâte molle à croûte naturelle au lait cru de chèvre Fermier. Prix à la Pièce : 9,90 €",4.0,3.0,9.9,Pouligny_4_OK_600600.jpg,7ecf5b6e-c6b1-4e7c-b0b5-e9b017205a2a,2021-12-07,4.0
Pouligny-Saint-Pierre,Chèvre,Molle à croûte naturelle,https://www.laboitedufromager.com/fromage/pouligny-saint-pierre-aop/,"Le Pouligny-saint-pierre a une forme pyramidale. C’est un fromage à pâte molle à croûte naturelle au lait cru de chèvre Fermier. Prix à la Pièce : 9,90 €",4.0,3.0,9.9,Pouligny_4_OK_600600.jpg,d8929f69-2336-42ad-ab17-cc77824cf0b1,2021-02-12,3.0
Pouligny-Saint-Pierre,Chèvre,Molle à croûte naturelle,https://www.laboitedufromager.com/fromage/pouligny-saint-pierre-aop/,"Le Pouligny-saint-pierre a une forme pyramidale. C’est un fromage à pâte molle à croûte naturelle au lait cru de chèvre Fermier. Prix à la Pièce : 9,90 €",4.0,3.0,9.9,Pouligny_4_OK_600600.jpg,#NOMBRE!,2020-05-08,3.0
Pouligny-Saint-Pierre,Chèvre,Molle à croûte naturelle,https://www.laboitedufromager.com/fromage/pouligny-saint-pierre-aop/,"Le Pouligny-saint-pierre a une forme pyramidale. C’est un fromage à pâte molle à croûte naturelle au lait cru de chèvre Fermier. Prix à la Pièce : 9,90 €",4.0,3.0,9.9,Pouligny_4_OK_600600.jpg,f024275f-6e47-4a95-bca6-ef2bbf57443c,2020-02-07,5.0
Pouligny-Saint-Pierre,Chèvre,Molle à croûte naturelle,https://www.laboitedufromager.com/fromage/pouligny-saint-pierre-aop/,"Le Pouligny-saint-pierre a une forme pyramidale. C’est un fromage à pâte molle à croûte naturelle au lait cru de chèvre Fermier. Prix à la Pièce : 9,90 €",4.0,3.0,9.9,Pouligny_4_OK_600600.jpg,f5744c18-2b22-407f-96d0-78ace9c80fd0,2020-11-29,3.0
Pouligny-Saint-Pierre,Chèvre,Molle à croûte naturelle,https://www.laboitedufromager.com/fromage/pouligny-saint-pierre-aop/,"Le Pouligny-saint-pierre a une forme pyramidale. C’est un fromage à pâte molle à croûte naturelle au lait cru de chèvre Fermier. Prix à la Pièce : 9,90 €",4.0,3.0,9.9,Pouligny_4_OK_600600.jpg,fab17a73-e9bf-4b09-9c3e-558f94de26cb,2020-11-04,1.0
Pur Vache Fermier à l’Espelette,Vache,Pressée non cuite,https://www.laboitedufromager.com/fromage/pur-vache-fermier-a-lespelette/,"Le pur vache fermier à l’Espelette est un fromage au lait cru de vache fermier à pâte non cuite. À la vue, ce fromage possède une croûte naturelle de couleur jaune et rouge parsemée de piment d’Espelette. À l’intérieur de la pâte onctueuse de couleur ivoire orangé se cache un cœur tendre, même après des mois d’affinage dans des caves naturelles. En bouche, le pur vache fermier à l’Espelette révèle une saveur lactique, mais le piment d’Espelette du pays basque relève son léger goût de sel et la parfume délicatement. Composé de lait cru, de présure et de ferments, le pur vache fermier à l’Espelette contient 32 % de matières grasses. Il se présente sous la forme d’un disque d’environ 4 kg. Prix au kilo : 29,50 € / Kg (Soit 8,85 € les 300g)",NULL,NULL,8.85,pur-vache-fermier-a-l-espelette.jpg,8509e049-36de-499a-9dbd-05f01d0c4768,2021-04-09,1.0
Pyramide fermière,Chèvre,Molle à croûte naturelle,https://www.laboitedufromager.com/fromage/valencay/,"la Pyramide Fermière est un fromage de chèvre au lait cru, à croûte naturelle, de couleur gris clair à gris bleuté. Il a une forme de pyramide tronquée, avec une base carrée de 6,5 cm de côté. Prix à la Pièce : 7,20 € la Pièce d’environ 280g",4.0,9.0,7.2,Pyramide-Fermiere_1_600600.jpg,601c97ba-5f5a-4003-ac9f-f1a20ac15b0f,2021-11-18,1.0
Pyramide fermière,Chèvre,Molle à croûte naturelle,https://www.laboitedufromager.com/fromage/valencay/,"la Pyramide Fermière est un fromage de chèvre au lait cru, à croûte naturelle, de couleur gris clair à gris bleuté. Il a une forme de pyramide tronquée, avec une base carrée de 6,5 cm de côté. Prix à la Pièce : 7,20 € la Pièce d’environ 280g",4.0,9.0,7.2,Pyramide-Fermiere_1_600600.jpg,897128c3-d209-46cb-bebd-258fba4cc6b4,2020-08-18,4.0
Raclette,Vache,Pressée non cuite,https://www.laboitedufromager.com/fromage/raclette-du-jura/,"Si au mot « raclette », vous pensez immédiatement au plat d’hiver onctueux, sachez que la Raclette est avant tout un fromage. C’est une pâte pressée non cuite au lait cru de vache. Elle peut se présenter sous forme de petite meule de 4,5 à 7 kg, ou bien de bloc rectangulaire de 4,5 à 9 kg. La croûte de ce fromage est lisse et ferme, de couleur orange clair ou foncé. Quant à la pâte, elle est souple et moelleuse, parsemée de petits trous avec une belle couleur ivoire. À la dégustation, ce fromage rappelle le goût du lait avec des notes franches et douces. C’est un fromage fermier et artisanal fabriqué en Franche-Comté et Rhône-Alpes. Prix au Kilo : 22,90 € / Kg (Soit 5,73 € les 250g)",4.5,2.0,5.73,Raclette600600.jpg,ed1863bf-a148-4140-a738-fd622ad9258b,2021-09-14,5.0
Raclette,Vache,Pressée non cuite,https://www.laboitedufromager.com/fromage/raclette-du-jura/,"Si au mot « raclette », vous pensez immédiatement au plat d’hiver onctueux, sachez que la Raclette est avant tout un fromage. C’est une pâte pressée non cuite au lait cru de vache. Elle peut se présenter sous forme de petite meule de 4,5 à 7 kg, ou bien de bloc rectangulaire de 4,5 à 9 kg. La croûte de ce fromage est lisse et ferme, de couleur orange clair ou foncé. Quant à la pâte, elle est souple et moelleuse, parsemée de petits trous avec une belle couleur ivoire. À la dégustation, ce fromage rappelle le goût du lait avec des notes franches et douces. C’est un fromage fermier et artisanal fabriqué en Franche-Comté et Rhône-Alpes. Prix au Kilo : 22,90 € / Kg (Soit 5,73 € les 250g)",4.5,2.0,5.73,Raclette600600.jpg,51baf2f3-10f8-4a74-88b2-7e97bba92f90,2021-04-14,4.0
Raclette,Vache,Pressée non cuite,https://www.laboitedufromager.com/fromage/raclette-du-jura/,"Si au mot « raclette », vous pensez immédiatement au plat d’hiver onctueux, sachez que la Raclette est avant tout un fromage. C’est une pâte pressée non cuite au lait cru de vache. Elle peut se présenter sous forme de petite meule de 4,5 à 7 kg, ou bien de bloc rectangulaire de 4,5 à 9 kg. La croûte de ce fromage est lisse et ferme, de couleur orange clair ou foncé. Quant à la pâte, elle est souple et moelleuse, parsemée de petits trous avec une belle couleur ivoire. À la dégustation, ce fromage rappelle le goût du lait avec des notes franches et douces. C’est un fromage fermier et artisanal fabriqué en Franche-Comté et Rhône-Alpes. Prix au Kilo : 22,90 € / Kg (Soit 5,73 € les 250g)",4.5,2.0,5.73,Raclette600600.jpg,5e8beef2-2804-4a75-9aac-0e8975f4f5c0,2021-03-26,4.0
Raclette,Vache,Pressée non cuite,https://www.laboitedufromager.com/fromage/raclette-du-jura/,"Si au mot « raclette », vous pensez immédiatement au plat d’hiver onctueux, sachez que la Raclette est avant tout un fromage. C’est une pâte pressée non cuite au lait cru de vache. Elle peut se présenter sous forme de petite meule de 4,5 à 7 kg, ou bien de bloc rectangulaire de 4,5 à 9 kg. La croûte de ce fromage est lisse et ferme, de couleur orange clair ou foncé. Quant à la pâte, elle est souple et moelleuse, parsemée de petits trous avec une belle couleur ivoire. À la dégustation, ce fromage rappelle le goût du lait avec des notes franches et douces. C’est un fromage fermier et artisanal fabriqué en Franche-Comté et Rhône-Alpes. Prix au Kilo : 22,90 € / Kg (Soit 5,73 € les 250g)",4.5,2.0,5.73,Raclette600600.jpg,8b09ba1f-2ebc-486d-aee7-5adfbc807a08,2020-12-03,4.0
Raclette,Vache,Pressée non cuite,https://www.laboitedufromager.com/fromage/raclette-du-jura/,"Si au mot « raclette », vous pensez immédiatement au plat d’hiver onctueux, sachez que la Raclette est avant tout un fromage. C’est une pâte pressée non cuite au lait cru de vache. Elle peut se présenter sous forme de petite meule de 4,5 à 7 kg, ou bien de bloc rectangulaire de 4,5 à 9 kg. La croûte de ce fromage est lisse et ferme, de couleur orange clair ou foncé. Quant à la pâte, elle est souple et moelleuse, parsemée de petits trous avec une belle couleur ivoire. À la dégustation, ce fromage rappelle le goût du lait avec des notes franches et douces. C’est un fromage fermier et artisanal fabriqué en Franche-Comté et Rhône-Alpes. Prix au Kilo : 22,90 € / Kg (Soit 5,73 € les 250g)",4.5,2.0,5.73,Raclette600600.jpg,c531bfc9-ea52-4bab-b684-3dcf1d1f4faa,2020-04-28,4.0
Raclette de Savoie artisanale IGP,Vache,Pressée non cuite,https://www.laboitedufromager.com/fromage/raclette-de-savoie-igp/,"La Raclette de Savoie Fermière est un fromage au lait cru de vache à pâte pressée, non cuite et homogène à la fonte. Originaire de la région d’Auvergne–Rhône-Alpes, c’est un produit local de qualité qui fait preuve de saveur authentique. Sa forme arrondie dévoile une croûte lisse de couleur jaune paille qui vire parfois à l’orange. En bouche, il révèle une texture crémeuse et fondante. Afin d’apprécier toute son onctuosité, ce fromage se déguste idéalement à chaud comme les bergers avaient l’habitude de le faire au Moyen-Âge. C’est en effet la meilleure façon de se délecter de son goût généreux, parfaitement équilibré et légèrement salé. Pour une raclette en famille ou entre amis réussie, la Raclette de Savoie Fermière est ainsi une valeur sûre. Avec 33 % de matières grasses, cette spécialité de PACCARD SARL promet nul doute une expérience gustative gourmande et mémorable. Prix au Kilo : 24,90 € (soit 7,47 € les 300g)",NULL,NULL,7.47,Raclette-Nature_1JL_600600.jpg,5b19717a-4ed9-48fe-91cd-e4fc60a48024,2020-12-28,3.0
Raclette de Savoie artisanale IGP,Vache,Pressée non cuite,https://www.laboitedufromager.com/fromage/raclette-de-savoie-igp/,"La Raclette de Savoie Fermière est un fromage au lait cru de vache à pâte pressée, non cuite et homogène à la fonte. Originaire de la région d’Auvergne–Rhône-Alpes, c’est un produit local de qualité qui fait preuve de saveur authentique. Sa forme arrondie dévoile une croûte lisse de couleur jaune paille qui vire parfois à l’orange. En bouche, il révèle une texture crémeuse et fondante. Afin d’apprécier toute son onctuosité, ce fromage se déguste idéalement à chaud comme les bergers avaient l’habitude de le faire au Moyen-Âge. C’est en effet la meilleure façon de se délecter de son goût généreux, parfaitement équilibré et légèrement salé. Pour une raclette en famille ou entre amis réussie, la Raclette de Savoie Fermière est ainsi une valeur sûre. Avec 33 % de matières grasses, cette spécialité de PACCARD SARL promet nul doute une expérience gustative gourmande et mémorable. Prix au Kilo : 24,90 € (soit 7,47 € les 300g)",NULL,NULL,7.47,Raclette-Nature_1JL_600600.jpg,b7261024-c797-4f00-b07e-0e2e660068e8,2021-05-03,4.0
Raclette de Savoie artisanale IGP,Vache,Pressée non cuite,https://www.laboitedufromager.com/fromage/raclette-de-savoie-igp/,"La Raclette de Savoie Fermière est un fromage au lait cru de vache à pâte pressée, non cuite et homogène à la fonte. Originaire de la région d’Auvergne–Rhône-Alpes, c’est un produit local de qualité qui fait preuve de saveur authentique. Sa forme arrondie dévoile une croûte lisse de couleur jaune paille qui vire parfois à l’orange. En bouche, il révèle une texture crémeuse et fondante. Afin d’apprécier toute son onctuosité, ce fromage se déguste idéalement à chaud comme les bergers avaient l’habitude de le faire au Moyen-Âge. C’est en effet la meilleure façon de se délecter de son goût généreux, parfaitement équilibré et légèrement salé. Pour une raclette en famille ou entre amis réussie, la Raclette de Savoie Fermière est ainsi une valeur sûre. Avec 33 % de matières grasses, cette spécialité de PACCARD SARL promet nul doute une expérience gustative gourmande et mémorable. Prix au Kilo : 24,90 € (soit 7,47 € les 300g)",NULL,NULL,7.47,Raclette-Nature_1JL_600600.jpg,43011302-0c6f-4694-ad72-35a288562b6b,2020-04-28,5.0
Raclette de Savoie artisanale IGP,Vache,Pressée non cuite,https://www.laboitedufromager.com/fromage/raclette-de-savoie-igp/,"La Raclette de Savoie Fermière est un fromage au lait cru de vache à pâte pressée, non cuite et homogène à la fonte. Originaire de la région d’Auvergne–Rhône-Alpes, c’est un produit local de qualité qui fait preuve de saveur authentique. Sa forme arrondie dévoile une croûte lisse de couleur jaune paille qui vire parfois à l’orange. En bouche, il révèle une texture crémeuse et fondante. Afin d’apprécier toute son onctuosité, ce fromage se déguste idéalement à chaud comme les bergers avaient l’habitude de le faire au Moyen-Âge. C’est en effet la meilleure façon de se délecter de son goût généreux, parfaitement équilibré et légèrement salé. Pour une raclette en famille ou entre amis réussie, la Raclette de Savoie Fermière est ainsi une valeur sûre. Avec 33 % de matières grasses, cette spécialité de PACCARD SARL promet nul doute une expérience gustative gourmande et mémorable. Prix au Kilo : 24,90 € (soit 7,47 € les 300g)",NULL,NULL,7.47,Raclette-Nature_1JL_600600.jpg,81d64c20-9f86-4b58-a31b-81a19efbffd3,2020-07-04,4.0
Raclette de Savoie artisanale IGP,Vache,Pressée non cuite,https://www.laboitedufromager.com/fromage/raclette-de-savoie-igp/,"La Raclette de Savoie Fermière est un fromage au lait cru de vache à pâte pressée, non cuite et homogène à la fonte. Originaire de la région d’Auvergne–Rhône-Alpes, c’est un produit local de qualité qui fait preuve de saveur authentique. Sa forme arrondie dévoile une croûte lisse de couleur jaune paille qui vire parfois à l’orange. En bouche, il révèle une texture crémeuse et fondante. Afin d’apprécier toute son onctuosité, ce fromage se déguste idéalement à chaud comme les bergers avaient l’habitude de le faire au Moyen-Âge. C’est en effet la meilleure façon de se délecter de son goût généreux, parfaitement équilibré et légèrement salé. Pour une raclette en famille ou entre amis réussie, la Raclette de Savoie Fermière est ainsi une valeur sûre. Avec 33 % de matières grasses, cette spécialité de PACCARD SARL promet nul doute une expérience gustative gourmande et mémorable. Prix au Kilo : 24,90 € (soit 7,47 € les 300g)",NULL,NULL,7.47,Raclette-Nature_1JL_600600.jpg,e89e893a-d7af-4e60-882b-78c26f77cc29,2021-01-24,4.0
Raclette de Savoie artisanale IGP,Vache,Pressée non cuite,https://www.laboitedufromager.com/fromage/raclette-de-savoie-igp/,"La Raclette de Savoie Fermière est un fromage au lait cru de vache à pâte pressée, non cuite et homogène à la fonte. Originaire de la région d’Auvergne–Rhône-Alpes, c’est un produit local de qualité qui fait preuve de saveur authentique. Sa forme arrondie dévoile une croûte lisse de couleur jaune paille qui vire parfois à l’orange. En bouche, il révèle une texture crémeuse et fondante. Afin d’apprécier toute son onctuosité, ce fromage se déguste idéalement à chaud comme les bergers avaient l’habitude de le faire au Moyen-Âge. C’est en effet la meilleure façon de se délecter de son goût généreux, parfaitement équilibré et légèrement salé. Pour une raclette en famille ou entre amis réussie, la Raclette de Savoie Fermière est ainsi une valeur sûre. Avec 33 % de matières grasses, cette spécialité de PACCARD SARL promet nul doute une expérience gustative gourmande et mémorable. Prix au Kilo : 24,90 € (soit 7,47 € les 300g)",NULL,NULL,7.47,Raclette-Nature_1JL_600600.jpg,058dc784-1508-48d0-bbc4-ed8ba827f646,2021-11-07,4.0
Raclette de Savoie artisanale IGP,Vache,Pressée non cuite,https://www.laboitedufromager.com/fromage/raclette-de-savoie-igp/,"La Raclette de Savoie Fermière est un fromage au lait cru de vache à pâte pressée, non cuite et homogène à la fonte. Originaire de la région d’Auvergne–Rhône-Alpes, c’est un produit local de qualité qui fait preuve de saveur authentique. Sa forme arrondie dévoile une croûte lisse de couleur jaune paille qui vire parfois à l’orange. En bouche, il révèle une texture crémeuse et fondante. Afin d’apprécier toute son onctuosité, ce fromage se déguste idéalement à chaud comme les bergers avaient l’habitude de le faire au Moyen-Âge. C’est en effet la meilleure façon de se délecter de son goût généreux, parfaitement équilibré et légèrement salé. Pour une raclette en famille ou entre amis réussie, la Raclette de Savoie Fermière est ainsi une valeur sûre. Avec 33 % de matières grasses, cette spécialité de PACCARD SARL promet nul doute une expérience gustative gourmande et mémorable. Prix au Kilo : 24,90 € (soit 7,47 € les 300g)",NULL,NULL,7.47,Raclette-Nature_1JL_600600.jpg,c617d667-ae09-4d3b-8259-2881d47fb4df,2020-10-06,3.0
Raclette au foin,Vache,Pressée non cuite,https://www.laboitedufromager.com/fromage/raclette-au-foin/,"La Raclette au foin est une pâte pressée non cuite au lait cru de vache. Prix au Kilo : 25,90 € / Kg (Soit 6,48 € les 250g)",4.44,9.0,6.48,Raclette_au-Foin_JLM_600600.jpg,3e2bdf09-984d-4d21-9675-ff87683e4315,2020-10-28,5.0
Raclette au foin,Vache,Pressée non cuite,https://www.laboitedufromager.com/fromage/raclette-au-foin/,"La Raclette au foin est une pâte pressée non cuite au lait cru de vache. Prix au Kilo : 25,90 € / Kg (Soit 6,48 € les 250g)",4.44,9.0,6.48,Raclette_au-Foin_JLM_600600.jpg,365be242-8a11-417d-b42c-99c2825746b6,2020-01-15,1.0
Reblochon,Vache,Pressée non cuite,https://www.laboitedufromager.com/fromage/reblochon-fermier/,"Le Reblochon est un fromage au lait cru de vache, à pâte pressée non cuite, qui se présente sous la forme d’un cylindre d’environ 500 g. Il contient environ 27 % de matière grasse sur produit sec. Mais il existe également des “petits” reblochons, d’un poids d’environ 260 g. Ce fromage se reconnaît à sa croûte de couleur jaune safran recouverte d’une fine mousse blanche. Par ailleurs, s’il est fermier, le Reblochon est recouvert d’une pastille verte. S’il est laitier, on retrouve une pastille rouge. Chaque pastille affiche le numéro de l’atelier, le lot et la date de transformation du lait en fromage. Mais qu’il soit fermier ou laitier, ce fromage est fabriqué à partir de lait de vaches de race Abondance, Montbéliarde et Tarine. En 1958, le Reblochon obtient l’Appellation d’Origine Contrôlée. En 1996, il obtient l’Appellation d’Origine Protégée. Prix à la pièce (environ 500g) : 15,50€ (soit  31 € / Kg)",4.0,13.0,15.5,Reblochon_1_600600.jpg,baa0cd1f-daee-4893-baee-3439a1ec7068,2021-09-15,1.0
Reblochon,Vache,Pressée non cuite,https://www.laboitedufromager.com/fromage/reblochon-fermier/,"Le Reblochon est un fromage au lait cru de vache, à pâte pressée non cuite, qui se présente sous la forme d’un cylindre d’environ 500 g. Il contient environ 27 % de matière grasse sur produit sec. Mais il existe également des “petits” reblochons, d’un poids d’environ 260 g. Ce fromage se reconnaît à sa croûte de couleur jaune safran recouverte d’une fine mousse blanche. Par ailleurs, s’il est fermier, le Reblochon est recouvert d’une pastille verte. S’il est laitier, on retrouve une pastille rouge. Chaque pastille affiche le numéro de l’atelier, le lot et la date de transformation du lait en fromage. Mais qu’il soit fermier ou laitier, ce fromage est fabriqué à partir de lait de vaches de race Abondance, Montbéliarde et Tarine. En 1958, le Reblochon obtient l’Appellation d’Origine Contrôlée. En 1996, il obtient l’Appellation d’Origine Protégée. Prix à la pièce (environ 500g) : 15,50€ (soit  31 € / Kg)",4.0,13.0,15.5,Reblochon_1_600600.jpg,f998f422-1395-4d8e-9399-6464b994d6fd,2021-05-20,4.0
Reblochon,Vache,Pressée non cuite,https://www.laboitedufromager.com/fromage/reblochon-fermier/,"Le Reblochon est un fromage au lait cru de vache, à pâte pressée non cuite, qui se présente sous la forme d’un cylindre d’environ 500 g. Il contient environ 27 % de matière grasse sur produit sec. Mais il existe également des “petits” reblochons, d’un poids d’environ 260 g. Ce fromage se reconnaît à sa croûte de couleur jaune safran recouverte d’une fine mousse blanche. Par ailleurs, s’il est fermier, le Reblochon est recouvert d’une pastille verte. S’il est laitier, on retrouve une pastille rouge. Chaque pastille affiche le numéro de l’atelier, le lot et la date de transformation du lait en fromage. Mais qu’il soit fermier ou laitier, ce fromage est fabriqué à partir de lait de vaches de race Abondance, Montbéliarde et Tarine. En 1958, le Reblochon obtient l’Appellation d’Origine Contrôlée. En 1996, il obtient l’Appellation d’Origine Protégée. Prix à la pièce (environ 500g) : 15,50€ (soit  31 € / Kg)",4.0,13.0,15.5,Reblochon_1_600600.jpg,29dcb63e-6b93-4f1b-b647-f2434bb31ba3,2021-11-21,2.0
Rigotte de vache,Vache,"Molle à croûte naturelle, non pressée et non cuite",https://www.laboitedufromager.com/fromage/rigotte-de-vache/,"La Rigotte de Vache est un petit fromage au lait entier de vache. Sa pâte blanche, ou ivoire, est recouverte d’une croûte naturelle, fine et fleurie. Prix à la Pièce : 3,10 €",4.33,18.0,3.1,Rigotte_2_600600.jpg,22f16139-bb73-4e0f-96fb-a796876947d7,2021-09-02,4.0
Rigotte de vache,Vache,"Molle à croûte naturelle, non pressée et non cuite",https://www.laboitedufromager.com/fromage/rigotte-de-vache/,"La Rigotte de Vache est un petit fromage au lait entier de vache. Sa pâte blanche, ou ivoire, est recouverte d’une croûte naturelle, fine et fleurie. Prix à la Pièce : 3,10 €",4.33,18.0,3.1,Rigotte_2_600600.jpg,dac9844b-f26e-42f7-b266-d952fa7a5e6e,2020-12-12,4.0
Rigotte de vache,Vache,"Molle à croûte naturelle, non pressée et non cuite",https://www.laboitedufromager.com/fromage/rigotte-de-vache/,"La Rigotte de Vache est un petit fromage au lait entier de vache. Sa pâte blanche, ou ivoire, est recouverte d’une croûte naturelle, fine et fleurie. Prix à la Pièce : 3,10 €",4.33,18.0,3.1,Rigotte_2_600600.jpg,fa2f93ca-fbd6-48d1-b31f-cddc920f785f,2020-01-23,5.0
Rigotte de vache,Vache,"Molle à croûte naturelle, non pressée et non cuite",https://www.laboitedufromager.com/fromage/rigotte-de-vache/,"La Rigotte de Vache est un petit fromage au lait entier de vache. Sa pâte blanche, ou ivoire, est recouverte d’une croûte naturelle, fine et fleurie. Prix à la Pièce : 3,10 €",4.33,18.0,3.1,Rigotte_2_600600.jpg,d7c4897e-7a53-4f5c-9695-1cf41aa7d615,2021-09-21,3.0
Rocamadour,Chèvre,Molle à croûte naturelle,https://www.laboitedufromager.com/fromage/rocamadour/,"Le Rocamadour est un petit fromage au lait de chèvre entier, à pâte molle à croûte naturelle. Il se présente sous la forme d’un palet d’environ 35 grammes, de 6 cm de diamètre et de 1,6 cm de hauteur. De couleur blanche ou crème ivoire, sa peau striée présente un aspect légèrement velouté. Prix à la pièce : 1,90 €",4.4,20.0,1.9,Rocamadour_1_JLM_600600.jpg,af378659-fbb6-49c7-b258-f4064a798a4e,2021-05-13,5.0
Rocamadour,Chèvre,Molle à croûte naturelle,https://www.laboitedufromager.com/fromage/rocamadour/,"Le Rocamadour est un petit fromage au lait de chèvre entier, à pâte molle à croûte naturelle. Il se présente sous la forme d’un palet d’environ 35 grammes, de 6 cm de diamètre et de 1,6 cm de hauteur. De couleur blanche ou crème ivoire, sa peau striée présente un aspect légèrement velouté. Prix à la pièce : 1,90 €",4.4,20.0,1.9,Rocamadour_1_JLM_600600.jpg,c02267aa-e264-4a9e-a0ef-e909e05b070d,2021-11-28,4.0
Roquefort,Brebis,Persillée,https://www.laboitedufromager.com/fromage/roquefort/,"Le Roquefort est un fromage fabriqué à partir de lait cru de brebis, à pâte persillée et à croûte naturelle. Il est produit de façon artisanale dans l’Aveyron par Yves Combes (Le Vieux Berger). C’est un fromage qui mesure environ 20 cm de diamètre et 10 cm de hauteur avec un poids moyen de 2,5 kg. Le produit a une croûte fine et saine et une pâte souple généralement de couleur ivoire. Par ailleurs, sa texture est onctueuse et fondante en bouche. À la dégustation, le Roquefort révèle une saveur ovine prononcée et un goût de moisissures légèrement salé. Afin de le préserver du dessèchement, le Roquefort est conservé dans un papier aluminium. D’ailleurs, il est conseillé de le chambrer pendant une heure avant de le consommer. Enfin, le fromage est certifié AOC depuis 1925 et AOP depuis 1996. Prix au Kilo : 42 € / Kilo (Soit 8,40 € les 200g)",4.33,9.0,8.4,Roquefort1_600600.jpg,6d746b07-9857-43bb-b04b-9d8cf142df0e,2020-10-03,3.0
Roquefort,Brebis,Persillée,https://www.laboitedufromager.com/fromage/roquefort/,"Le Roquefort est un fromage fabriqué à partir de lait cru de brebis, à pâte persillée et à croûte naturelle. Il est produit de façon artisanale dans l’Aveyron par Yves Combes (Le Vieux Berger). C’est un fromage qui mesure environ 20 cm de diamètre et 10 cm de hauteur avec un poids moyen de 2,5 kg. Le produit a une croûte fine et saine et une pâte souple généralement de couleur ivoire. Par ailleurs, sa texture est onctueuse et fondante en bouche. À la dégustation, le Roquefort révèle une saveur ovine prononcée et un goût de moisissures légèrement salé. Afin de le préserver du dessèchement, le Roquefort est conservé dans un papier aluminium. D’ailleurs, il est conseillé de le chambrer pendant une heure avant de le consommer. Enfin, le fromage est certifié AOC depuis 1925 et AOP depuis 1996. Prix au Kilo : 42 € / Kilo (Soit 8,40 € les 200g)",4.33,9.0,8.4,Roquefort1_600600.jpg,1599dcc7-ba53-4770-8131-f8abeafd57e0,2021-11-01,4.0
Roquefort,Brebis,Persillée,https://www.laboitedufromager.com/fromage/roquefort/,"Le Roquefort est un fromage fabriqué à partir de lait cru de brebis, à pâte persillée et à croûte naturelle. Il est produit de façon artisanale dans l’Aveyron par Yves Combes (Le Vieux Berger). C’est un fromage qui mesure environ 20 cm de diamètre et 10 cm de hauteur avec un poids moyen de 2,5 kg. Le produit a une croûte fine et saine et une pâte souple généralement de couleur ivoire. Par ailleurs, sa texture est onctueuse et fondante en bouche. À la dégustation, le Roquefort révèle une saveur ovine prononcée et un goût de moisissures légèrement salé. Afin de le préserver du dessèchement, le Roquefort est conservé dans un papier aluminium. D’ailleurs, il est conseillé de le chambrer pendant une heure avant de le consommer. Enfin, le fromage est certifié AOC depuis 1925 et AOP depuis 1996. Prix au Kilo : 42 € / Kilo (Soit 8,40 € les 200g)",4.33,9.0,8.4,Roquefort1_600600.jpg,e3b569db-7cd1-4832-9423-7e559c81474b,2021-04-28,2.0
Roue cendrée,Chèvre,Molle à croûte naturelle,https://www.laboitedufromager.com/fromage/roue-cendree/,"La roue cendrée est un fromage au lait cru de chèvre présenté sous la forme d’une petite roue saupoudrée de cendre. Dégageant une agréable odeur de caprine, ce produit laitier est un vrai délice. Sa croûte naturelle légèrement cendrée cache une pâte molle et fondante qui, en bouche, ravit le palais de sa douce saveur. Ce fromage de chèvre frais est peu calorique puisqu’une portion de 100 g apporte seulement 319 kcal. De plus, il est léger. Pesant près de 180 g, il ne renferme que 20 % de matières grasses. Prix à la pièce : 6,50 €",NULL,NULL,6.5,roue-cendree.jpg,d5b5c54b-80ba-4cc3-9bf9-723b49e2f389,2021-01-14,4.0
Roue cendrée,Chèvre,Molle à croûte naturelle,https://www.laboitedufromager.com/fromage/roue-cendree/,"La roue cendrée est un fromage au lait cru de chèvre présenté sous la forme d’une petite roue saupoudrée de cendre. Dégageant une agréable odeur de caprine, ce produit laitier est un vrai délice. Sa croûte naturelle légèrement cendrée cache une pâte molle et fondante qui, en bouche, ravit le palais de sa douce saveur. Ce fromage de chèvre frais est peu calorique puisqu’une portion de 100 g apporte seulement 319 kcal. De plus, il est léger. Pesant près de 180 g, il ne renferme que 20 % de matières grasses. Prix à la pièce : 6,50 €",NULL,NULL,6.5,roue-cendree.jpg,b9edd94f-397e-4c75-9718-5bea05586696,2021-06-02,3.0
Roue cendrée,Chèvre,Molle à croûte naturelle,https://www.laboitedufromager.com/fromage/roue-cendree/,"La roue cendrée est un fromage au lait cru de chèvre présenté sous la forme d’une petite roue saupoudrée de cendre. Dégageant une agréable odeur de caprine, ce produit laitier est un vrai délice. Sa croûte naturelle légèrement cendrée cache une pâte molle et fondante qui, en bouche, ravit le palais de sa douce saveur. Ce fromage de chèvre frais est peu calorique puisqu’une portion de 100 g apporte seulement 319 kcal. De plus, il est léger. Pesant près de 180 g, il ne renferme que 20 % de matières grasses. Prix à la pièce : 6,50 €",NULL,NULL,6.5,roue-cendree.jpg,30f742ec-6a1d-4cdf-bc45-be2113f80197,2020-08-07,5.0
Roue cendrée,Chèvre,Molle à croûte naturelle,https://www.laboitedufromager.com/fromage/roue-cendree/,"La roue cendrée est un fromage au lait cru de chèvre présenté sous la forme d’une petite roue saupoudrée de cendre. Dégageant une agréable odeur de caprine, ce produit laitier est un vrai délice. Sa croûte naturelle légèrement cendrée cache une pâte molle et fondante qui, en bouche, ravit le palais de sa douce saveur. Ce fromage de chèvre frais est peu calorique puisqu’une portion de 100 g apporte seulement 319 kcal. De plus, il est léger. Pesant près de 180 g, il ne renferme que 20 % de matières grasses. Prix à la pièce : 6,50 €",NULL,NULL,6.5,roue-cendree.jpg,4de519be-7b82-4726-8fa0-ed8c7f7166cc,2020-07-15,3.0
Roue cendrée,Chèvre,Molle à croûte naturelle,https://www.laboitedufromager.com/fromage/roue-cendree/,"La roue cendrée est un fromage au lait cru de chèvre présenté sous la forme d’une petite roue saupoudrée de cendre. Dégageant une agréable odeur de caprine, ce produit laitier est un vrai délice. Sa croûte naturelle légèrement cendrée cache une pâte molle et fondante qui, en bouche, ravit le palais de sa douce saveur. Ce fromage de chèvre frais est peu calorique puisqu’une portion de 100 g apporte seulement 319 kcal. De plus, il est léger. Pesant près de 180 g, il ne renferme que 20 % de matières grasses. Prix à la pièce : 6,50 €",NULL,NULL,6.5,roue-cendree.jpg,7bb914ce-43ce-4b29-9b92-2ca131f5df9c,2021-02-28,1.0
Roue cendrée,Chèvre,Molle à croûte naturelle,https://www.laboitedufromager.com/fromage/roue-cendree/,"La roue cendrée est un fromage au lait cru de chèvre présenté sous la forme d’une petite roue saupoudrée de cendre. Dégageant une agréable odeur de caprine, ce produit laitier est un vrai délice. Sa croûte naturelle légèrement cendrée cache une pâte molle et fondante qui, en bouche, ravit le palais de sa douce saveur. Ce fromage de chèvre frais est peu calorique puisqu’une portion de 100 g apporte seulement 319 kcal. De plus, il est léger. Pesant près de 180 g, il ne renferme que 20 % de matières grasses. Prix à la pièce : 6,50 €",NULL,NULL,6.5,roue-cendree.jpg,38c2fe98-df35-4990-9623-68ac9dab4081,2020-01-30,2.0
Roue cendrée,Chèvre,Molle à croûte naturelle,https://www.laboitedufromager.com/fromage/roue-cendree/,"La roue cendrée est un fromage au lait cru de chèvre présenté sous la forme d’une petite roue saupoudrée de cendre. Dégageant une agréable odeur de caprine, ce produit laitier est un vrai délice. Sa croûte naturelle légèrement cendrée cache une pâte molle et fondante qui, en bouche, ravit le palais de sa douce saveur. Ce fromage de chèvre frais est peu calorique puisqu’une portion de 100 g apporte seulement 319 kcal. De plus, il est léger. Pesant près de 180 g, il ne renferme que 20 % de matières grasses. Prix à la pièce : 6,50 €",NULL,NULL,6.5,roue-cendree.jpg,09288242-bc30-4f85-857f-f8335016b458,2021-09-04,1.0
Rove fermier,Chèvre,Frais,https://www.laboitedufromager.com/fromage/rove-fermier/,"Le Rove Fermier des Garrigues est un fromage au lait cru de Chèvre. Ce fromage frais, qui peut être cendré, a un parfum marqué de citron et de thym. En bouche, ce bouquet d’été est saisissant, rafraîchissant et est accompagné d’une touche lactique variable selon l’affinage. Prix à la Pièce de 80g : 3,50€",3.0,1.0,3.5,Rove-des-Garrigues600600.jpg,78b91ecc-eef2-4c5c-92be-24ef4658b998,2020-10-03,1.0
Rove fermier,Chèvre,Frais,https://www.laboitedufromager.com/fromage/rove-fermier/,"Le Rove Fermier des Garrigues est un fromage au lait cru de Chèvre. Ce fromage frais, qui peut être cendré, a un parfum marqué de citron et de thym. En bouche, ce bouquet d’été est saisissant, rafraîchissant et est accompagné d’une touche lactique variable selon l’affinage. Prix à la Pièce de 80g : 3,50€",3.0,1.0,3.5,Rove-des-Garrigues600600.jpg,eee8565c-97bc-4453-a7a0-26edef95ab13,2020-05-15,4.0
Rovethym,Chèvre,Molle à croûte fleurie,https://www.laboitedufromager.com/fromage/rovethym/,"Le Rovethym est un fromage français originaire de Provence . C’est un fromage à base de lait de chèvre, à pâte blanche molle à croûte fleurie aromatisé au thym. Il se présente sous forme d’un fuseau de 7 centimètres de long environ. Un brin de thym est enserré par le fuseau. Son poids moyen est de l’ordre de 100 grammes. Prix au Kilo : 45 €",5.0,5.0,4.5,Rove-Thym600600.jpg,eafc393d-68ed-4bda-9d0c-496a95277d77,2021-02-16,2.0
Sablé de Wissant,Vache,Molle à croûte lavée,https://www.laboitedufromager.com/fromage/sable-de-wissant/,"Le fromage Le Sablé de Wissant est un fromage du Nord de la France, qui a du caractère. Prix à la Pièce : 8,60€ les 200g",5.0,2.0,8.6,Sable-de-wissant_coupe_600600.jpg,879441f0-b397-4c2a-a04d-c981dba94bdc,2020-06-07,5.0
Saint-Félicien,Vache,Molle à croûte fleurie,https://www.laboitedufromager.com/fromage/saint-felicien/,"Fromage au lait cru de vache, le Saint Félicien est un proche cousin du Saint Marcellin, mais dans une version grand format, produit dans la région de l’Auvergne-Rhône-Alpes. Ce fromage en forme de disque mesure environ 10 cm de diamètre, pèse 180 grammes et contient 27 % de matière grasse. Le Saint Félicien se distingue par sa croûte ivoire légèrement plissée qui se constelle parfois d’un duvet bleuté. Sa robe couvre une pâte molle crémeuse de couleur blanche. Le Saint-Félicien est légèrement salé avec un goût de noisette et un nez de champignons. Sa saveur évolue au fil de l’affinage. Très jeune, c’est-à-dire au bout de 10 jours d’affinage, il est doux, onctueux et fraîchement lacté. Au-delà, son goût est plus typé et sa texture plus fondante au point qu’il est proposé dans des coupelles. Néanmoins, un affinage trop poussé ne lui convient pas au risque de dégrader sa matière grasse et de rendre le goût âcre. Prix à la pièce : 6,50 € (la pièce d’environ 180g)",4.23,39.0,6.5,St-Felicien_OK_600600.jpg,6b74bc85-7526-4bfe-a28d-8fb84c645746,2021-04-23,3.0
Saint-Félicien,Vache,Molle à croûte fleurie,https://www.laboitedufromager.com/fromage/saint-felicien/,"Fromage au lait cru de vache, le Saint Félicien est un proche cousin du Saint Marcellin, mais dans une version grand format, produit dans la région de l’Auvergne-Rhône-Alpes. Ce fromage en forme de disque mesure environ 10 cm de diamètre, pèse 180 grammes et contient 27 % de matière grasse. Le Saint Félicien se distingue par sa croûte ivoire légèrement plissée qui se constelle parfois d’un duvet bleuté. Sa robe couvre une pâte molle crémeuse de couleur blanche. Le Saint-Félicien est légèrement salé avec un goût de noisette et un nez de champignons. Sa saveur évolue au fil de l’affinage. Très jeune, c’est-à-dire au bout de 10 jours d’affinage, il est doux, onctueux et fraîchement lacté. Au-delà, son goût est plus typé et sa texture plus fondante au point qu’il est proposé dans des coupelles. Néanmoins, un affinage trop poussé ne lui convient pas au risque de dégrader sa matière grasse et de rendre le goût âcre. Prix à la pièce : 6,50 € (la pièce d’environ 180g)",4.23,39.0,6.5,St-Felicien_OK_600600.jpg,f058c099-a22d-4300-9476-fb00732c2779,2021-11-18,3.0
Saint-Félicien,Vache,Molle à croûte fleurie,https://www.laboitedufromager.com/fromage/saint-felicien/,"Fromage au lait cru de vache, le Saint Félicien est un proche cousin du Saint Marcellin, mais dans une version grand format, produit dans la région de l’Auvergne-Rhône-Alpes. Ce fromage en forme de disque mesure environ 10 cm de diamètre, pèse 180 grammes et contient 27 % de matière grasse. Le Saint Félicien se distingue par sa croûte ivoire légèrement plissée qui se constelle parfois d’un duvet bleuté. Sa robe couvre une pâte molle crémeuse de couleur blanche. Le Saint-Félicien est légèrement salé avec un goût de noisette et un nez de champignons. Sa saveur évolue au fil de l’affinage. Très jeune, c’est-à-dire au bout de 10 jours d’affinage, il est doux, onctueux et fraîchement lacté. Au-delà, son goût est plus typé et sa texture plus fondante au point qu’il est proposé dans des coupelles. Néanmoins, un affinage trop poussé ne lui convient pas au risque de dégrader sa matière grasse et de rendre le goût âcre. Prix à la pièce : 6,50 € (la pièce d’environ 180g)",4.23,39.0,6.5,St-Felicien_OK_600600.jpg,3800fe30-1f93-4515-a9c7-b4c3804f361a,2020-01-06,1.0
Saint-Félicien,Vache,Molle à croûte fleurie,https://www.laboitedufromager.com/fromage/saint-felicien/,"Fromage au lait cru de vache, le Saint Félicien est un proche cousin du Saint Marcellin, mais dans une version grand format, produit dans la région de l’Auvergne-Rhône-Alpes. Ce fromage en forme de disque mesure environ 10 cm de diamètre, pèse 180 grammes et contient 27 % de matière grasse. Le Saint Félicien se distingue par sa croûte ivoire légèrement plissée qui se constelle parfois d’un duvet bleuté. Sa robe couvre une pâte molle crémeuse de couleur blanche. Le Saint-Félicien est légèrement salé avec un goût de noisette et un nez de champignons. Sa saveur évolue au fil de l’affinage. Très jeune, c’est-à-dire au bout de 10 jours d’affinage, il est doux, onctueux et fraîchement lacté. Au-delà, son goût est plus typé et sa texture plus fondante au point qu’il est proposé dans des coupelles. Néanmoins, un affinage trop poussé ne lui convient pas au risque de dégrader sa matière grasse et de rendre le goût âcre. Prix à la pièce : 6,50 € (la pièce d’environ 180g)",4.23,39.0,6.5,St-Felicien_OK_600600.jpg,f0257317-c5b8-4cf5-b3fa-ca9f5f332f85,2020-08-28,5.0
Saint-Félicien,Vache,Molle à croûte fleurie,https://www.laboitedufromager.com/fromage/saint-felicien/,"Fromage au lait cru de vache, le Saint Félicien est un proche cousin du Saint Marcellin, mais dans une version grand format, produit dans la région de l’Auvergne-Rhône-Alpes. Ce fromage en forme de disque mesure environ 10 cm de diamètre, pèse 180 grammes et contient 27 % de matière grasse. Le Saint Félicien se distingue par sa croûte ivoire légèrement plissée qui se constelle parfois d’un duvet bleuté. Sa robe couvre une pâte molle crémeuse de couleur blanche. Le Saint-Félicien est légèrement salé avec un goût de noisette et un nez de champignons. Sa saveur évolue au fil de l’affinage. Très jeune, c’est-à-dire au bout de 10 jours d’affinage, il est doux, onctueux et fraîchement lacté. Au-delà, son goût est plus typé et sa texture plus fondante au point qu’il est proposé dans des coupelles. Néanmoins, un affinage trop poussé ne lui convient pas au risque de dégrader sa matière grasse et de rendre le goût âcre. Prix à la pièce : 6,50 € (la pièce d’environ 180g)",4.23,39.0,6.5,St-Felicien_OK_600600.jpg,b3745943-69e6-4e97-a960-6406259afc87,2020-07-19,5.0
Saint-Jacques,Vache,Molle à croûte fleurie,https://www.laboitedufromager.com/fromage/saint-jacques-fermier/,"Le Saint-Jacques Fermier est un fromage au lait pasteurisé de vache, à pâte molle à la croûte fleurie provenant de l’Ile de France. Prix à la Pièce : 5,90 €",4.8,5.0,5.9,St-Jacques_2Demi_1JL_600600.jpg,6472a88e-1872-4544-af6f-2892f1ba30f8,2020-09-22,5.0
Saint-Jacques,Vache,Molle à croûte fleurie,https://www.laboitedufromager.com/fromage/saint-jacques-fermier/,"Le Saint-Jacques Fermier est un fromage au lait pasteurisé de vache, à pâte molle à la croûte fleurie provenant de l’Ile de France. Prix à la Pièce : 5,90 €",4.8,5.0,5.9,St-Jacques_2Demi_1JL_600600.jpg,1a77438f-b5d2-40f6-9e56-23c9b397bfb9,2021-06-08,4.0
Saint-Marcellin,Vache,Molle à croûte naturelle,https://www.laboitedufromager.com/fromage/saint-marcellin/,"Le Saint-Marcellin est un fromage à pâte molle à croute naturelle à base de lait cru de vache. C’est un petit fromage rond avec un diamètre de 8 cm, une épaisseur de 2 cm et un poids moyen de 80 g. Il est produit en Isère. Présentant une texture molle de couleur blanche ou orangée, le Saint-Marcellin est un fromage à tartiner. C’est une appellation désignant un fromage français du Dauphiné. Son Indication Géographique Protégée (IGP) date de 2013 et elle s’étend sur 274 communes en Isère, dans la Drôme et en Savoie. Sa production est réalisée avec le lait provenant de 274 communes de l’Isère, de la Drôme et de la Savoie. Prix à la pièce : 3,70 € (la pièce d’environ 100g)",4.35,26.0,3.7,St-Marcellin_2_OKJLM_600600.jpg,057e7253-ca6f-4a9b-81ce-41635e3d0b14,2020-04-28,1.0
Saint-Marcellin,Vache,Molle à croûte naturelle,https://www.laboitedufromager.com/fromage/saint-marcellin/,"Le Saint-Marcellin est un fromage à pâte molle à croute naturelle à base de lait cru de vache. C’est un petit fromage rond avec un diamètre de 8 cm, une épaisseur de 2 cm et un poids moyen de 80 g. Il est produit en Isère. Présentant une texture molle de couleur blanche ou orangée, le Saint-Marcellin est un fromage à tartiner. C’est une appellation désignant un fromage français du Dauphiné. Son Indication Géographique Protégée (IGP) date de 2013 et elle s’étend sur 274 communes en Isère, dans la Drôme et en Savoie. Sa production est réalisée avec le lait provenant de 274 communes de l’Isère, de la Drôme et de la Savoie. Prix à la pièce : 3,70 € (la pièce d’environ 100g)",4.35,26.0,3.7,St-Marcellin_2_OKJLM_600600.jpg,27106a57-d430-483f-ba88-8030721a00b1,2021-05-12,3.0
Saint Mont Crémier du Jura,Vache,Pressée cuite,https://www.laboitedufromager.com/fromage/saint-mont-cremier-du-jura/,"Le Saint-Mont Crémier du Jura est un fromage à pâte pressée cuite, idéal pour une fin de repas ou un petit creux matinal ! Prix au Kilo : 31€ / Kg (Soit 9,30€ les 300g)",3.5,2.0,9.3,st-mont-cremier-du-jura_600600.jpg,1385371c-8d4d-455a-8924-8070b0de1273,2021-02-02,5.0
Saint-Nectaire,Vache,Pressée non cuite,https://www.laboitedufromager.com/fromage/saint-nectaire/,"Fromage au lait de vache, le Saint-Nectaire est une petite perle de l’Auvergne. C’est une pâte demi-ferme pressée non cuite, elle est souple sans toutefois être molle. Quant à la croûte fleurie, selon le stade d’affinage, elle peut présenter des taches blanches, jaunes ou rouges. Sachez que le Saint-Nectaire a une odeur rappelant celle des moisissures et du terroir. Prix au kilo : 32,90 €/Kg (soit 8,23 € les 250g)",4.29,34.0,8.23,St-Nectaire_2jl_600600.jpg,4854cb70-4b34-4c5f-9b16-68c809e53bfa,2020-02-05,3.0
Saint-Nectaire,Vache,Pressée non cuite,https://www.laboitedufromager.com/fromage/saint-nectaire/,"Fromage au lait de vache, le Saint-Nectaire est une petite perle de l’Auvergne. C’est une pâte demi-ferme pressée non cuite, elle est souple sans toutefois être molle. Quant à la croûte fleurie, selon le stade d’affinage, elle peut présenter des taches blanches, jaunes ou rouges. Sachez que le Saint-Nectaire a une odeur rappelant celle des moisissures et du terroir. Prix au kilo : 32,90 €/Kg (soit 8,23 € les 250g)",4.29,34.0,8.23,St-Nectaire_2jl_600600.jpg,39aca757-908c-4723-a4ff-7d4decfb22f9,2020-01-18,5.0
Saint-Nectaire,Vache,Pressée non cuite,https://www.laboitedufromager.com/fromage/saint-nectaire/,"Fromage au lait de vache, le Saint-Nectaire est une petite perle de l’Auvergne. C’est une pâte demi-ferme pressée non cuite, elle est souple sans toutefois être molle. Quant à la croûte fleurie, selon le stade d’affinage, elle peut présenter des taches blanches, jaunes ou rouges. Sachez que le Saint-Nectaire a une odeur rappelant celle des moisissures et du terroir. Prix au kilo : 32,90 €/Kg (soit 8,23 € les 250g)",4.29,34.0,8.23,St-Nectaire_2jl_600600.jpg,1ac3f4ce-702a-483e-baca-78b2b8a98ca5,2021-04-25,4.0
Saint-Paulin,Vache,Pressée non cuite,https://www.laboitedufromager.com/fromage/saint-nectaire/,"Fromage au lait de vache, le Saint-Nectaire est une petite perle de l’Auvergne. C’est une pâte demi-ferme pressée non cuite, elle est souple sans toutefois être molle. Quant à la croûte fleurie, selon le stade d’affinage, elle peut présenter des taches blanches, jaunes ou rouges. Sachez que le Saint-Nectaire a une odeur rappelant celle des moisissures et du terroir. Prix au kilo : 32,90 €/Kg (soit 8,23 € les 250g)",4.29,34.0,8.23,St-Nectaire_2jl_600600.jpg,NULL,NULL,NULL
Sainte-Maure de Touraine,Chèvre,Molle à croûte naturelle,https://www.laboitedufromager.com/fromage/sainte-maure-de-touraine/,"Le Sainte-Maure de Touraine est un fromage de chèvre à croûte naturelle et à pâte molle. Il est facilement reconnaissable par sa forme en buchette. Mesurant environ 15 à 17 cm de long et 4,5 à 5,5 cm de diamètre, ce fromage pèse au minimum 250 g. Contenant 25 % de matière grasse, il est aussi calorique avec un apport énergétique de 294 calories par 100 grammes. Sa croûte est couverte de moisissure bleutée et cache une pâte moelleuse de couleur blanc ivoire, ferme et homogène au toucher. Le Sainte-Maure de Touraine a la particularité d’être traversé d’une paille de Seigle pour attester son origine. Celle-ci est gravée au nom de l’appellation et attestant l’origine de la fabrication. Le Sainte-Maure de Touraine a une légère odeur de caprine. Jeune, il est doux en bouche et donne un goût de noisette. Mais plus il est affiné, plus sa saveur devient prononcée. Prix à la pièce : 9,50 € (Pièce d’environ 270g)",4.39,18.0,9.5,SteMaureTouraine_6006001.jpg,09323740-1d49-4ad4-92cd-ca154b39ec32,2020-02-17,4.0
Sainte-Maure de Touraine,Chèvre,Molle à croûte naturelle,https://www.laboitedufromager.com/fromage/sainte-maure-de-touraine/,"Le Sainte-Maure de Touraine est un fromage de chèvre à croûte naturelle et à pâte molle. Il est facilement reconnaissable par sa forme en buchette. Mesurant environ 15 à 17 cm de long et 4,5 à 5,5 cm de diamètre, ce fromage pèse au minimum 250 g. Contenant 25 % de matière grasse, il est aussi calorique avec un apport énergétique de 294 calories par 100 grammes. Sa croûte est couverte de moisissure bleutée et cache une pâte moelleuse de couleur blanc ivoire, ferme et homogène au toucher. Le Sainte-Maure de Touraine a la particularité d’être traversé d’une paille de Seigle pour attester son origine. Celle-ci est gravée au nom de l’appellation et attestant l’origine de la fabrication. Le Sainte-Maure de Touraine a une légère odeur de caprine. Jeune, il est doux en bouche et donne un goût de noisette. Mais plus il est affiné, plus sa saveur devient prononcée. Prix à la pièce : 9,50 € (Pièce d’environ 270g)",4.39,18.0,9.5,SteMaureTouraine_6006001.jpg,08544e98-35e8-4c66-88ac-a5f20c4791ae,2021-11-06,5.0
Salers,Vache,Pressée non cuite,https://www.laboitedufromager.com/fromage/salers/,"Le Salers est un fromage au lait cru de vache, à pâte pressée ferme et non cuite de couleur jaune. Sa croûte est sèche, épaisse et fleurie. C’est un fromage sous forme d’une meule de 38 à 48 cm de diamètre d’environ 40 cm de hauteur. Son poids peut aller de 30 à 50 kg. Il faut au minimum 3 mois d’affinage au Salers pour offrir sa texture fondante ainsi que ses arômes et sa saveur épicés. C’est un fromage dont les valeurs lipidiques sont particulièrement élevées. En effet, il présente 44 % de matières grasses. Ce fromage devient une AOC en 1961 et obtient la certification AOP en 2003. On reconnaît un Salers authentique grâce à une plaque rouge avec la mention « SA » collée sur son corps ainsi que la gravure creuse « Salers-Salers » sur sa face supérieure. Prix au Kilo : 37,90 € / Kilo (Soit 11,37 € les 300g)",5.0,5.0,11.37,Salers_1_OK_600600.jpg,af7d19e3-8991-4028-bddc-1421e15884a1,2020-06-07,3.0
Salers,Vache,Pressée non cuite,https://www.laboitedufromager.com/fromage/salers/,"Le Salers est un fromage au lait cru de vache, à pâte pressée ferme et non cuite de couleur jaune. Sa croûte est sèche, épaisse et fleurie. C’est un fromage sous forme d’une meule de 38 à 48 cm de diamètre d’environ 40 cm de hauteur. Son poids peut aller de 30 à 50 kg. Il faut au minimum 3 mois d’affinage au Salers pour offrir sa texture fondante ainsi que ses arômes et sa saveur épicés. C’est un fromage dont les valeurs lipidiques sont particulièrement élevées. En effet, il présente 44 % de matières grasses. Ce fromage devient une AOC en 1961 et obtient la certification AOP en 2003. On reconnaît un Salers authentique grâce à une plaque rouge avec la mention « SA » collée sur son corps ainsi que la gravure creuse « Salers-Salers » sur sa face supérieure. Prix au Kilo : 37,90 € / Kilo (Soit 11,37 € les 300g)",5.0,5.0,11.37,Salers_1_OK_600600.jpg,5f76058b-9bdc-4c3e-8734-528fb52e111b,2021-10-24,1.0
Salers,Vache,Pressée non cuite,https://www.laboitedufromager.com/fromage/salers/,"Le Salers est un fromage au lait cru de vache, à pâte pressée ferme et non cuite de couleur jaune. Sa croûte est sèche, épaisse et fleurie. C’est un fromage sous forme d’une meule de 38 à 48 cm de diamètre d’environ 40 cm de hauteur. Son poids peut aller de 30 à 50 kg. Il faut au minimum 3 mois d’affinage au Salers pour offrir sa texture fondante ainsi que ses arômes et sa saveur épicés. C’est un fromage dont les valeurs lipidiques sont particulièrement élevées. En effet, il présente 44 % de matières grasses. Ce fromage devient une AOC en 1961 et obtient la certification AOP en 2003. On reconnaît un Salers authentique grâce à une plaque rouge avec la mention « SA » collée sur son corps ainsi que la gravure creuse « Salers-Salers » sur sa face supérieure. Prix au Kilo : 37,90 € / Kilo (Soit 11,37 € les 300g)",5.0,5.0,11.37,Salers_1_OK_600600.jpg,36a3dec9-607c-4c51-b30f-9fc5c7ab5d30,2021-07-12,1.0
Salers,Vache,Pressée non cuite,https://www.laboitedufromager.com/fromage/salers/,"Le Salers est un fromage au lait cru de vache, à pâte pressée ferme et non cuite de couleur jaune. Sa croûte est sèche, épaisse et fleurie. C’est un fromage sous forme d’une meule de 38 à 48 cm de diamètre d’environ 40 cm de hauteur. Son poids peut aller de 30 à 50 kg. Il faut au minimum 3 mois d’affinage au Salers pour offrir sa texture fondante ainsi que ses arômes et sa saveur épicés. C’est un fromage dont les valeurs lipidiques sont particulièrement élevées. En effet, il présente 44 % de matières grasses. Ce fromage devient une AOC en 1961 et obtient la certification AOP en 2003. On reconnaît un Salers authentique grâce à une plaque rouge avec la mention « SA » collée sur son corps ainsi que la gravure creuse « Salers-Salers » sur sa face supérieure. Prix au Kilo : 37,90 € / Kilo (Soit 11,37 € les 300g)",5.0,5.0,11.37,Salers_1_OK_600600.jpg,d7b5c260-c178-4501-a75d-de1db998a925,2021-11-15,3.0
Salers,Vache,Pressée non cuite,https://www.laboitedufromager.com/fromage/salers/,"Le Salers est un fromage au lait cru de vache, à pâte pressée ferme et non cuite de couleur jaune. Sa croûte est sèche, épaisse et fleurie. C’est un fromage sous forme d’une meule de 38 à 48 cm de diamètre d’environ 40 cm de hauteur. Son poids peut aller de 30 à 50 kg. Il faut au minimum 3 mois d’affinage au Salers pour offrir sa texture fondante ainsi que ses arômes et sa saveur épicés. C’est un fromage dont les valeurs lipidiques sont particulièrement élevées. En effet, il présente 44 % de matières grasses. Ce fromage devient une AOC en 1961 et obtient la certification AOP en 2003. On reconnaît un Salers authentique grâce à une plaque rouge avec la mention « SA » collée sur son corps ainsi que la gravure creuse « Salers-Salers » sur sa face supérieure. Prix au Kilo : 37,90 € / Kilo (Soit 11,37 € les 300g)",5.0,5.0,11.37,Salers_1_OK_600600.jpg,b02820da-6642-4474-aa44-7ca114c42f86,2021-10-31,2.0
Satonnay Pétales Roses,Chèvre,Pâte molle à croûte naturelle,https://www.laboitedufromager.com/fromage/satonnay-petales-de-roses/,Le Satonnay Pétales de Roses  est un fromage frais au lait entier de chèvre. Sa pâte blanche et fraiche est recouverte de pétales de roses. Prix à la Pièce : 5 €,2.82,11.0,5.0,SATONNAY-ROSE_532532.jpg,13bfad9f-fc45-4ea3-b03b-fb4869ee6461,2020-12-10,2.0
Satonnay Pétales Roses,Chèvre,Pâte molle à croûte naturelle,https://www.laboitedufromager.com/fromage/satonnay-petales-de-roses/,Le Satonnay Pétales de Roses  est un fromage frais au lait entier de chèvre. Sa pâte blanche et fraiche est recouverte de pétales de roses. Prix à la Pièce : 5 €,2.82,11.0,5.0,SATONNAY-ROSE_532532.jpg,f12345fb-9f70-4a3d-9090-f8ab9fd271c7,2020-06-29,5.0
Saulzais,Brebis,Pâte molle à croûte naturelle,https://www.laboitedufromager.com/fromage/saulzais/,"Le Saulzais est un fromage au lait cru de Brebis, en forme de Cylindre. Sa pâte blanche est recouverte d’une croûte naturelle, fine et fleurie. Prix à la Pièce : 8,50 €",4.75,8.0,8.5,saulzais2_600600.jpg,74256b17-a722-44ab-9437-6b164fd5d750,2020-04-20,4.0
Saulzais,Brebis,Pâte molle à croûte naturelle,https://www.laboitedufromager.com/fromage/saulzais/,"Le Saulzais est un fromage au lait cru de Brebis, en forme de Cylindre. Sa pâte blanche est recouverte d’une croûte naturelle, fine et fleurie. Prix à la Pièce : 8,50 €",4.75,8.0,8.5,saulzais2_600600.jpg,f5790c00-201e-47eb-ad0a-fae80d6e05d0,2020-11-07,4.0
Saulzais,Brebis,Pâte molle à croûte naturelle,https://www.laboitedufromager.com/fromage/saulzais/,"Le Saulzais est un fromage au lait cru de Brebis, en forme de Cylindre. Sa pâte blanche est recouverte d’une croûte naturelle, fine et fleurie. Prix à la Pièce : 8,50 €",4.75,8.0,8.5,saulzais2_600600.jpg,9f638be3-be74-4cf5-9743-4f5d46752af8,2021-10-27,4.0
Saulzais,Brebis,Pâte molle à croûte naturelle,https://www.laboitedufromager.com/fromage/saulzais/,"Le Saulzais est un fromage au lait cru de Brebis, en forme de Cylindre. Sa pâte blanche est recouverte d’une croûte naturelle, fine et fleurie. Prix à la Pièce : 8,50 €",4.75,8.0,8.5,saulzais2_600600.jpg,a7f90be2-f0a6-46b2-b657-c8e49d0e5a4f,2021-08-17,1.0
Sauvaget,Chèvre,Pâte molle à croûte naturelle,https://www.laboitedufromager.com/fromage/sauvaget/,"Le Sauvaget est un fromage de chèvre au lait cru de chèvre, affiné sur une feuille de châtaignier. Prix à la pièce : 6,50 €",4.13,8.0,6.5,Sauvaget_1_600600.jpg,NULL,NULL,NULL
Séchon de Vache,Vache,Pâte molle à croûte naturelle,https://www.laboitedufromager.com/fromage/sechon-de-vache/,"Le Séchon est un fromage affiné au lait cru de vache ou de chèvre selon son mode de fabrication. Quelle que soit la nature du lait à partir duquel il est produit, il reste l’une des fiertés gastronomiques du Dauphiné en région Rhône-Alpes. Le Séchon appartient à la famille des fromages à pâte molle et à croûte naturelle ou fleurie. Avec 5 cm de diamètre et 2 cm d’épaisseur, il pèse environ 50 g. Contenant 23 % de matières grasses, il connait un franc succès auprès des amateurs de fromages secs. La texture ferme et friable ainsi que l’arôme piquant du vieux fromage qu’il dégage ont le don de faire saliver les plus gourmets. Ce fromage brunâtre (souvent bleuté) séduit par son goût légèrement acidulé, presque piquant, obtenu après une longue période d’affinage. Idéalement, ce fromage est servi sur un plateau ou en salade. Prix à la Pièce : 1,90 €",3.93,14.0,1.9,sechon.jpg,704b6031-391b-4499-b67a-7322d0f39ad2,2020-03-04,5.0
Séchon de Vache,Vache,Pâte molle à croûte naturelle,https://www.laboitedufromager.com/fromage/sechon-de-vache/,"Le Séchon est un fromage affiné au lait cru de vache ou de chèvre selon son mode de fabrication. Quelle que soit la nature du lait à partir duquel il est produit, il reste l’une des fiertés gastronomiques du Dauphiné en région Rhône-Alpes. Le Séchon appartient à la famille des fromages à pâte molle et à croûte naturelle ou fleurie. Avec 5 cm de diamètre et 2 cm d’épaisseur, il pèse environ 50 g. Contenant 23 % de matières grasses, il connait un franc succès auprès des amateurs de fromages secs. La texture ferme et friable ainsi que l’arôme piquant du vieux fromage qu’il dégage ont le don de faire saliver les plus gourmets. Ce fromage brunâtre (souvent bleuté) séduit par son goût légèrement acidulé, presque piquant, obtenu après une longue période d’affinage. Idéalement, ce fromage est servi sur un plateau ou en salade. Prix à la Pièce : 1,90 €",3.93,14.0,1.9,sechon.jpg,17364eaa-c709-404a-af9d-9645b4b504f2,2021-10-02,3.0
Séchon de Vache,Vache,Pâte molle à croûte naturelle,https://www.laboitedufromager.com/fromage/sechon-de-vache/,"Le Séchon est un fromage affiné au lait cru de vache ou de chèvre selon son mode de fabrication. Quelle que soit la nature du lait à partir duquel il est produit, il reste l’une des fiertés gastronomiques du Dauphiné en région Rhône-Alpes. Le Séchon appartient à la famille des fromages à pâte molle et à croûte naturelle ou fleurie. Avec 5 cm de diamètre et 2 cm d’épaisseur, il pèse environ 50 g. Contenant 23 % de matières grasses, il connait un franc succès auprès des amateurs de fromages secs. La texture ferme et friable ainsi que l’arôme piquant du vieux fromage qu’il dégage ont le don de faire saliver les plus gourmets. Ce fromage brunâtre (souvent bleuté) séduit par son goût légèrement acidulé, presque piquant, obtenu après une longue période d’affinage. Idéalement, ce fromage est servi sur un plateau ou en salade. Prix à la Pièce : 1,90 €",3.93,14.0,1.9,sechon.jpg,5e5cf509-83db-4267-aa2a-1da42e5ecd7a,2021-03-15,2.0
Selles-sur-Cher,Chèvre,Molle à croûte fleurie,https://www.laboitedufromager.com/fromage/le-selles-sur-cher/,"Le Selles−sur−Cher AOP, fromage de chèvre au lait cru et entier, se reconnaît à sa pâte molle de couleur blanche et à sa croûte naturelle cendrée à la poudre de charbon de bois. Il contient au moins 45% de matière grasse et se présente sous une forme tronconique très plate à bords biseautés, d’un poids de 200 g environ. Prix à la pièce : 7,90 €",NULL,NULL,7.9,Selles-sur-cher_600600.jpg,d4f8cb4a-a3b7-474f-8c64-3d53cfc2083a,2020-09-05,3.0
Selles-sur-Cher,Chèvre,Molle à croûte fleurie,https://www.laboitedufromager.com/fromage/le-selles-sur-cher/,"Le Selles−sur−Cher AOP, fromage de chèvre au lait cru et entier, se reconnaît à sa pâte molle de couleur blanche et à sa croûte naturelle cendrée à la poudre de charbon de bois. Il contient au moins 45% de matière grasse et se présente sous une forme tronconique très plate à bords biseautés, d’un poids de 200 g environ. Prix à la pièce : 7,90 €",NULL,NULL,7.9,Selles-sur-cher_600600.jpg,30f4f94e-a898-4d59-aec3-6e02abdf5f98,2021-09-28,5.0
Selles-sur-Cher,Chèvre,Molle à croûte fleurie,https://www.laboitedufromager.com/fromage/le-selles-sur-cher/,"Le Selles−sur−Cher AOP, fromage de chèvre au lait cru et entier, se reconnaît à sa pâte molle de couleur blanche et à sa croûte naturelle cendrée à la poudre de charbon de bois. Il contient au moins 45% de matière grasse et se présente sous une forme tronconique très plate à bords biseautés, d’un poids de 200 g environ. Prix à la pièce : 7,90 €",NULL,NULL,7.9,Selles-sur-cher_600600.jpg,fc28f944-48eb-4e52-836f-c1159bf289ec,2020-10-12,5.0
Selles-sur-Cher,Chèvre,Molle à croûte fleurie,https://www.laboitedufromager.com/fromage/le-selles-sur-cher/,"Le Selles−sur−Cher AOP, fromage de chèvre au lait cru et entier, se reconnaît à sa pâte molle de couleur blanche et à sa croûte naturelle cendrée à la poudre de charbon de bois. Il contient au moins 45% de matière grasse et se présente sous une forme tronconique très plate à bords biseautés, d’un poids de 200 g environ. Prix à la pièce : 7,90 €",NULL,NULL,7.9,Selles-sur-cher_600600.jpg,e51c08b6-51bc-4167-9e89-eca833546043,2020-07-03,5.0
Selles-sur-Cher,Chèvre,Molle à croûte fleurie,https://www.laboitedufromager.com/fromage/le-selles-sur-cher/,"Le Selles−sur−Cher AOP, fromage de chèvre au lait cru et entier, se reconnaît à sa pâte molle de couleur blanche et à sa croûte naturelle cendrée à la poudre de charbon de bois. Il contient au moins 45% de matière grasse et se présente sous une forme tronconique très plate à bords biseautés, d’un poids de 200 g environ. Prix à la pièce : 7,90 €",NULL,NULL,7.9,Selles-sur-cher_600600.jpg,8d917967-f099-41e4-a182-30c262fb7ff9,2021-07-01,1.0
Shropshire blue,Vache,Persillée,https://www.laboitedufromager.com/fromage/shropshire-blue/,"Le Shropshire blue est un fromage à pâte persillée au lait pasteurisé de vache. Il est fabriquée dans le centre de l’Angleterre. Prix au kilo : 31 € (soit 7,75 € les 250g)",3.83,6.0,7.75,Shropshire_2JL_600600.jpg,6cdd2c42-0085-403d-92a9-a2f23b72e5a4,2021-10-15,3.0
Shropshire blue,Vache,Persillée,https://www.laboitedufromager.com/fromage/shropshire-blue/,"Le Shropshire blue est un fromage à pâte persillée au lait pasteurisé de vache. Il est fabriquée dans le centre de l’Angleterre. Prix au kilo : 31 € (soit 7,75 € les 250g)",3.83,6.0,7.75,Shropshire_2JL_600600.jpg,318bcd47-a811-469a-a60c-10613c55d823,2021-06-20,1.0
Shropshire blue,Vache,Persillée,https://www.laboitedufromager.com/fromage/shropshire-blue/,"Le Shropshire blue est un fromage à pâte persillée au lait pasteurisé de vache. Il est fabriquée dans le centre de l’Angleterre. Prix au kilo : 31 € (soit 7,75 € les 250g)",3.83,6.0,7.75,Shropshire_2JL_600600.jpg,eb807387-9f94-4216-930e-d3185414e579,2021-09-12,5.0
Shropshire blue,Vache,Persillée,https://www.laboitedufromager.com/fromage/shropshire-blue/,"Le Shropshire blue est un fromage à pâte persillée au lait pasteurisé de vache. Il est fabriquée dans le centre de l’Angleterre. Prix au kilo : 31 € (soit 7,75 € les 250g)",3.83,6.0,7.75,Shropshire_2JL_600600.jpg,a71cf362-d91f-4e4e-9534-4add576f09fa,2021-07-17,3.0
Shropshire blue,Vache,Persillée,https://www.laboitedufromager.com/fromage/shropshire-blue/,"Le Shropshire blue est un fromage à pâte persillée au lait pasteurisé de vache. Il est fabriquée dans le centre de l’Angleterre. Prix au kilo : 31 € (soit 7,75 € les 250g)",3.83,6.0,7.75,Shropshire_2JL_600600.jpg,a8752f21-a499-4833-bf4b-acdc194161ea,2020-09-26,4.0
Shropshire blue,Vache,Persillée,https://www.laboitedufromager.com/fromage/shropshire-blue/,"Le Shropshire blue est un fromage à pâte persillée au lait pasteurisé de vache. Il est fabriquée dans le centre de l’Angleterre. Prix au kilo : 31 € (soit 7,75 € les 250g)",3.83,6.0,7.75,Shropshire_2JL_600600.jpg,23dfbf10-ac60-4932-9c89-d06f74154a61,2021-05-25,3.0
Sillon bleu de Vache,Vache,Persillée,https://www.laboitedufromager.com/fromage/sillon-bleu-de-vache/,"Le Sillon bleu de vache est un fromage au lait de vache à pâte pressée non cuite. Il contient 26 % de matière grasse sur produit fini. Ce fromage est produit en Vendée. Prix au Kilo : 26 € (soit 7,80€ les 300g)",2.17,6.0,7.8,sillonbleu600600.jpg,6a68d728-770c-4e1d-9a0a-0809c50cf92d,2021-03-04,1.0
Sillon bleu de Vache,Vache,Persillée,https://www.laboitedufromager.com/fromage/sillon-bleu-de-vache/,"Le Sillon bleu de vache est un fromage au lait de vache à pâte pressée non cuite. Il contient 26 % de matière grasse sur produit fini. Ce fromage est produit en Vendée. Prix au Kilo : 26 € (soit 7,80€ les 300g)",2.17,6.0,7.8,sillonbleu600600.jpg,22970b0e-146c-4e13-b9a9-d80244c7ff20,2020-03-01,5.0
Sillon bleu de Vache,Vache,Persillée,https://www.laboitedufromager.com/fromage/sillon-bleu-de-vache/,"Le Sillon bleu de vache est un fromage au lait de vache à pâte pressée non cuite. Il contient 26 % de matière grasse sur produit fini. Ce fromage est produit en Vendée. Prix au Kilo : 26 € (soit 7,80€ les 300g)",2.17,6.0,7.8,sillonbleu600600.jpg,210e04d3-6c08-4f81-8cf4-6bae4f58fc15,2021-01-22,5.0
Sillon bleu de Vache,Vache,Persillée,https://www.laboitedufromager.com/fromage/sillon-bleu-de-vache/,"Le Sillon bleu de vache est un fromage au lait de vache à pâte pressée non cuite. Il contient 26 % de matière grasse sur produit fini. Ce fromage est produit en Vendée. Prix au Kilo : 26 € (soit 7,80€ les 300g)",2.17,6.0,7.8,sillonbleu600600.jpg,66b6c5f3-5f2b-4e0b-81d1-96898392a670,2021-07-12,3.0
Skieur,Vache,Pressée cuite,https://www.laboitedufromager.com/fromage/skieur/,"Le Skieur est un fromage au lait cru de vache à pâte pressée cuite, se présentant sous la forme d’une meule cylindrique, d’environ 5Kg. Prix au Kilo : 25,00 € (Soit 7,50€ les 300g)",3.33,3.0,7.5,Skieur_1_600600.jpg,db972d4b-c69c-446b-bb7e-3105fd4c0163,2020-07-29,1.0
Skieur,Vache,Pressée cuite,https://www.laboitedufromager.com/fromage/skieur/,"Le Skieur est un fromage au lait cru de vache à pâte pressée cuite, se présentant sous la forme d’une meule cylindrique, d’environ 5Kg. Prix au Kilo : 25,00 € (Soit 7,50€ les 300g)",3.33,3.0,7.5,Skieur_1_600600.jpg,ce176849-f955-4cf2-8972-a4faaa8e3e28,2021-12-12,1.0
Skieur,Vache,Pressée cuite,https://www.laboitedufromager.com/fromage/skieur/,"Le Skieur est un fromage au lait cru de vache à pâte pressée cuite, se présentant sous la forme d’une meule cylindrique, d’environ 5Kg. Prix au Kilo : 25,00 € (Soit 7,50€ les 300g)",3.33,3.0,7.5,Skieur_1_600600.jpg,8852cb59-fb0c-4e07-8c7d-2435728d017b,2021-10-09,3.0
Skieur,Vache,Pressée cuite,https://www.laboitedufromager.com/fromage/skieur/,"Le Skieur est un fromage au lait cru de vache à pâte pressée cuite, se présentant sous la forme d’une meule cylindrique, d’environ 5Kg. Prix au Kilo : 25,00 € (Soit 7,50€ les 300g)",3.33,3.0,7.5,Skieur_1_600600.jpg,fedb42ae-0171-4dee-8fdd-f6fb20a169dc,2020-09-03,2.0
Soumaintrain,Vache,Molle à croûte lavée,https://www.laboitedufromager.com/fromage/soumaintrain-fermier/,"Le Soumaintrain est un fromage français au lait de vache cru ou pasteurisé, à pâte molle et à croûte lavée, provenant de Bourgogne. Il se présente sous une forme ronde d’environ 12 cm de diamètre et 4 cm d’épaisseur, avec une teneur en matières grasses de 28 % sur produit fini. Pesant dans les 400 g, ce fromage est vendu affiné ou frais sur le marché. D’ailleurs, sa couleur varie en fonction du temps d’affinage, soit une couleur orangée pour un soumaintrain plus mature. Il existe deux types de soumaintrain : le fermier et le laitier. Tous les deux sont issus du même processus de fabrication, mais se différencient par la zone de production.",4.41,27.0,6.0,Soumaintrain_OK-600600.jpg,ae072526-6568-4c3f-9b83-21e1a165a57b,2021-01-24,2.0
Soumaintrain,Vache,Molle à croûte lavée,https://www.laboitedufromager.com/fromage/soumaintrain-fermier/,"Le Soumaintrain est un fromage français au lait de vache cru ou pasteurisé, à pâte molle et à croûte lavée, provenant de Bourgogne. Il se présente sous une forme ronde d’environ 12 cm de diamètre et 4 cm d’épaisseur, avec une teneur en matières grasses de 28 % sur produit fini. Pesant dans les 400 g, ce fromage est vendu affiné ou frais sur le marché. D’ailleurs, sa couleur varie en fonction du temps d’affinage, soit une couleur orangée pour un soumaintrain plus mature. Il existe deux types de soumaintrain : le fermier et le laitier. Tous les deux sont issus du même processus de fabrication, mais se différencient par la zone de production.",4.41,27.0,6.0,Soumaintrain_OK-600600.jpg,f07fd18f-27d4-4939-88ad-582523ebc38a,2021-08-04,4.0
Soumaintrain,Vache,Molle à croûte lavée,https://www.laboitedufromager.com/fromage/soumaintrain-fermier/,"Le Soumaintrain est un fromage français au lait de vache cru ou pasteurisé, à pâte molle et à croûte lavée, provenant de Bourgogne. Il se présente sous une forme ronde d’environ 12 cm de diamètre et 4 cm d’épaisseur, avec une teneur en matières grasses de 28 % sur produit fini. Pesant dans les 400 g, ce fromage est vendu affiné ou frais sur le marché. D’ailleurs, sa couleur varie en fonction du temps d’affinage, soit une couleur orangée pour un soumaintrain plus mature. Il existe deux types de soumaintrain : le fermier et le laitier. Tous les deux sont issus du même processus de fabrication, mais se différencient par la zone de production.",4.41,27.0,6.0,Soumaintrain_OK-600600.jpg,b98da2e4-db04-455f-b830-ee1c0b147de9,2020-09-10,4.0
Souréliette,Brebis,Pressée non cuite,https://www.laboitedufromager.com/fromage/soureliette/,"Le Soureliette de Fédou est une petite tomme de montagne au lait cru de brebis. Elle est également appelée Souréliette de Hyelzas. Il est produit en Lozère par la fromagerie du Fedou. Prix au Kilo : 30€ (soit 7,50€ les 250g)",5.0,1.0,7.5,Soureliette.jpg,b3baaa82-8cb9-4055-aa68-7f255ded442e,2020-03-27,5.0
Stilton bleu,Vache,Persillée,https://www.laboitedufromager.com/fromage/stilton-bleu-igp/,"Le Stilton est un fromage à pâte persillée au lait pasteurisé de vache. Il est fabriquée dans le centre de l’Angleterre. Prix au kilo : 34,50 € (soit 10,35 € les 300g)",NULL,NULL,10.35,Stilton_OK_600600_compresse.jpg,7753bb91-fcb3-47c3-ab2c-8e3cfb14a9c6,2021-06-08,1.0
Taleggio,Vache,Molle à croûte lavée,https://www.laboitedufromager.com/fromage/taleggio/,"Le Taleggio est un fromage au lait de vache, à pâte molle à croûte lavée, provenant de Lombardie, Nord de l’Italie. Sa teneur en matière grasse est d’environ 29% sur Produit fini. Prix au Kilo : 39 €/ Kg (Soit 11,70€ les 300g)",4.38,24.0,11.7,Taleggio_2bis_600600.jpg,10f1e496-f5c5-4533-9148-4b1194a56070,2021-02-05,1.0
Taleggio,Vache,Molle à croûte lavée,https://www.laboitedufromager.com/fromage/taleggio/,"Le Taleggio est un fromage au lait de vache, à pâte molle à croûte lavée, provenant de Lombardie, Nord de l’Italie. Sa teneur en matière grasse est d’environ 29% sur Produit fini. Prix au Kilo : 39 €/ Kg (Soit 11,70€ les 300g)",4.38,24.0,11.7,Taleggio_2bis_600600.jpg,973b25e6-3284-4496-a217-18d58eccf34e,2021-01-04,5.0
Taleggio,Vache,Molle à croûte lavée,https://www.laboitedufromager.com/fromage/taleggio/,"Le Taleggio est un fromage au lait de vache, à pâte molle à croûte lavée, provenant de Lombardie, Nord de l’Italie. Sa teneur en matière grasse est d’environ 29% sur Produit fini. Prix au Kilo : 39 €/ Kg (Soit 11,70€ les 300g)",4.38,24.0,11.7,Taleggio_2bis_600600.jpg,d3b906da-144c-4505-a22d-223aced6a2c6,2020-08-24,4.0
Taleggio,Vache,Molle à croûte lavée,https://www.laboitedufromager.com/fromage/taleggio/,"Le Taleggio est un fromage au lait de vache, à pâte molle à croûte lavée, provenant de Lombardie, Nord de l’Italie. Sa teneur en matière grasse est d’environ 29% sur Produit fini. Prix au Kilo : 39 €/ Kg (Soit 11,70€ les 300g)",4.38,24.0,11.7,Taleggio_2bis_600600.jpg,514acae7-fcb8-4b96-9e75-aa74f8fde8bc,2021-01-17,5.0
Taleggio,Vache,Molle à croûte lavée,https://www.laboitedufromager.com/fromage/taleggio/,"Le Taleggio est un fromage au lait de vache, à pâte molle à croûte lavée, provenant de Lombardie, Nord de l’Italie. Sa teneur en matière grasse est d’environ 29% sur Produit fini. Prix au Kilo : 39 €/ Kg (Soit 11,70€ les 300g)",4.38,24.0,11.7,Taleggio_2bis_600600.jpg,ffaa2ebf-29da-4ee1-ad81-3fd5e4cd558c,2021-02-05,2.0
Taleggio,Vache,Molle à croûte lavée,https://www.laboitedufromager.com/fromage/taleggio/,"Le Taleggio est un fromage au lait de vache, à pâte molle à croûte lavée, provenant de Lombardie, Nord de l’Italie. Sa teneur en matière grasse est d’environ 29% sur Produit fini. Prix au Kilo : 39 €/ Kg (Soit 11,70€ les 300g)",4.38,24.0,11.7,Taleggio_2bis_600600.jpg,26a79d05-e721-4681-83d5-24731b996a1b,2020-04-14,3.0
Taleggio,Vache,Molle à croûte lavée,https://www.laboitedufromager.com/fromage/taleggio/,"Le Taleggio est un fromage au lait de vache, à pâte molle à croûte lavée, provenant de Lombardie, Nord de l’Italie. Sa teneur en matière grasse est d’environ 29% sur Produit fini. Prix au Kilo : 39 €/ Kg (Soit 11,70€ les 300g)",4.38,24.0,11.7,Taleggio_2bis_600600.jpg,d22cbfac-7ef0-47cf-ad26-82c03843c160,2021-02-03,5.0
Taupinière,Chèvre,Pâte molle à croûte naturelle,https://www.laboitedufromager.com/fromage/taupiniere/,"La Taupinière est un fromage à croûte naturelle, à pâte molle, fabriqué à partir de lait cru de chèvre. Prix à la Pièce : 7,90 €",4.0,9.0,7.9,Taupiniere_1_600600.jpg,adad268d-069d-4954-9e73-c0b219e9485a,2021-03-06,3.0
Taupinière,Chèvre,Pâte molle à croûte naturelle,https://www.laboitedufromager.com/fromage/taupiniere/,"La Taupinière est un fromage à croûte naturelle, à pâte molle, fabriqué à partir de lait cru de chèvre. Prix à la Pièce : 7,90 €",4.0,9.0,7.9,Taupiniere_1_600600.jpg,301dbf2c-9026-4bf5-9312-9c2aedcec829,2021-01-18,2.0
Taupinière,Chèvre,Pâte molle à croûte naturelle,https://www.laboitedufromager.com/fromage/taupiniere/,"La Taupinière est un fromage à croûte naturelle, à pâte molle, fabriqué à partir de lait cru de chèvre. Prix à la Pièce : 7,90 €",4.0,9.0,7.9,Taupiniere_1_600600.jpg,9f521a39-5a58-4fe4-a248-6d37dc45a51d,2021-08-31,1.0
Taupinière,Chèvre,Pâte molle à croûte naturelle,https://www.laboitedufromager.com/fromage/taupiniere/,"La Taupinière est un fromage à croûte naturelle, à pâte molle, fabriqué à partir de lait cru de chèvre. Prix à la Pièce : 7,90 €",4.0,9.0,7.9,Taupiniere_1_600600.jpg,382c9e77-c942-423b-9667-85bf772eb935,2021-07-09,3.0
Taupinière,Chèvre,Pâte molle à croûte naturelle,https://www.laboitedufromager.com/fromage/taupiniere/,"La Taupinière est un fromage à croûte naturelle, à pâte molle, fabriqué à partir de lait cru de chèvre. Prix à la Pièce : 7,90 €",4.0,9.0,7.9,Taupiniere_1_600600.jpg,dd752015-22c6-487a-8464-d2d1fde475f8,2020-09-18,2.0
Taupinière,Chèvre,Pâte molle à croûte naturelle,https://www.laboitedufromager.com/fromage/taupiniere/,"La Taupinière est un fromage à croûte naturelle, à pâte molle, fabriqué à partir de lait cru de chèvre. Prix à la Pièce : 7,90 €",4.0,9.0,7.9,Taupiniere_1_600600.jpg,add7897d-a469-459c-bf76-cfea54a7ebac,2021-05-24,5.0
tête de Moine,Vache,Pressée non cuite,https://www.laboitedufromager.com/fromage/tete-de-moine/,"La tête de moine est un fromage à pâte pressée non cuite, au lait de vache. Il est fabriqué en Suisse, dans les montagnes du Jura Suisse. Elle est affinée pendant au minimum 2 Mois et demi. Prix au kilo : 47,90 € (soit 38,32 € la Tête de Moine) Le fromage est livré sans la girolle. Celle-ci est disponible dans nos Accessoires.",NULL,NULL,38.32,1-2-fromage-de-tete-de-moine.png,28bf72de-86c7-4adf-b176-4cc0c101aadb,2021-02-01,5.0
tête de Moine,Vache,Pressée non cuite,https://www.laboitedufromager.com/fromage/tete-de-moine/,"La tête de moine est un fromage à pâte pressée non cuite, au lait de vache. Il est fabriqué en Suisse, dans les montagnes du Jura Suisse. Elle est affinée pendant au minimum 2 Mois et demi. Prix au kilo : 47,90 € (soit 38,32 € la Tête de Moine) Le fromage est livré sans la girolle. Celle-ci est disponible dans nos Accessoires.",NULL,NULL,38.32,1-2-fromage-de-tete-de-moine.png,e3c3be11-daf4-42a4-8ba7-2eb99349bc3f,2020-11-06,5.0
tête de Moine,Vache,Pressée non cuite,https://www.laboitedufromager.com/fromage/tete-de-moine/,"La tête de moine est un fromage à pâte pressée non cuite, au lait de vache. Il est fabriqué en Suisse, dans les montagnes du Jura Suisse. Elle est affinée pendant au minimum 2 Mois et demi. Prix au kilo : 47,90 € (soit 38,32 € la Tête de Moine) Le fromage est livré sans la girolle. Celle-ci est disponible dans nos Accessoires.",NULL,NULL,38.32,1-2-fromage-de-tete-de-moine.png,c3b2759c-fe91-4bfc-b9f8-4cfde42ba2a3,2020-08-18,1.0
tête de Moine,Vache,Pressée non cuite,https://www.laboitedufromager.com/fromage/tete-de-moine/,"La tête de moine est un fromage à pâte pressée non cuite, au lait de vache. Il est fabriqué en Suisse, dans les montagnes du Jura Suisse. Elle est affinée pendant au minimum 2 Mois et demi. Prix au kilo : 47,90 € (soit 38,32 € la Tête de Moine) Le fromage est livré sans la girolle. Celle-ci est disponible dans nos Accessoires.",NULL,NULL,38.32,1-2-fromage-de-tete-de-moine.png,ae0eb20b-f7bc-4973-9d41-0da5741fca76,2020-04-03,4.0
tête de Moine,Vache,Pressée non cuite,https://www.laboitedufromager.com/fromage/tete-de-moine/,"La tête de moine est un fromage à pâte pressée non cuite, au lait de vache. Il est fabriqué en Suisse, dans les montagnes du Jura Suisse. Elle est affinée pendant au minimum 2 Mois et demi. Prix au kilo : 47,90 € (soit 38,32 € la Tête de Moine) Le fromage est livré sans la girolle. Celle-ci est disponible dans nos Accessoires.",NULL,NULL,38.32,1-2-fromage-de-tete-de-moine.png,9a14ee61-6b01-4f33-b512-3c490c0cd688,2021-04-19,2.0
Tome des Bauges AOP,Vache,Pressée non cuite,https://www.laboitedufromager.com/fromage/la-tome-des-bauges/,"La Tome des Bauges est un fromage à pâte pressée non cuite, au lait cru de vache. Elle a la forme d’un cylindre de 18 à 20 cm de diamètre, de 3 à 5 cm de hauteur, pesant entre 1 et 1,4 kg. Prix au Kilo : 26,50 € (Soit 7,95 € les 300g)",4.26,19.0,7.95,Tome-des-bauges_2_600600.jpg,7de7e21a-da58-4d2f-a57d-4afb7d555214,2020-10-09,1.0
Tome des Bauges AOP,Vache,Pressée non cuite,https://www.laboitedufromager.com/fromage/la-tome-des-bauges/,"La Tome des Bauges est un fromage à pâte pressée non cuite, au lait cru de vache. Elle a la forme d’un cylindre de 18 à 20 cm de diamètre, de 3 à 5 cm de hauteur, pesant entre 1 et 1,4 kg. Prix au Kilo : 26,50 € (Soit 7,95 € les 300g)",4.26,19.0,7.95,Tome-des-bauges_2_600600.jpg,ab304721-7d66-40ab-8602-8c804ce1022a,2020-01-08,3.0
Tome des Bauges AOP,Vache,Pressée non cuite,https://www.laboitedufromager.com/fromage/la-tome-des-bauges/,"La Tome des Bauges est un fromage à pâte pressée non cuite, au lait cru de vache. Elle a la forme d’un cylindre de 18 à 20 cm de diamètre, de 3 à 5 cm de hauteur, pesant entre 1 et 1,4 kg. Prix au Kilo : 26,50 € (Soit 7,95 € les 300g)",4.26,19.0,7.95,Tome-des-bauges_2_600600.jpg,0fe1f7fe-461c-4773-a147-68fe4f96fb55,2020-08-24,5.0
Tome des Bauges AOP,Vache,Pressée non cuite,https://www.laboitedufromager.com/fromage/la-tome-des-bauges/,"La Tome des Bauges est un fromage à pâte pressée non cuite, au lait cru de vache. Elle a la forme d’un cylindre de 18 à 20 cm de diamètre, de 3 à 5 cm de hauteur, pesant entre 1 et 1,4 kg. Prix au Kilo : 26,50 € (Soit 7,95 € les 300g)",4.26,19.0,7.95,Tome-des-bauges_2_600600.jpg,abec8313-cb0f-4527-ae64-84bc51f11200,2021-01-18,3.0
Tome du Cruzille,Chèvre,Pressée non cuite,https://www.laboitedufromager.com/fromage/tome-de-la-cruzille/,"La Tome de la Cruzille est un Fromage fermier à pâte pressée non cuite au lait cru de chèvre. Prix à la Demi-pièce : 14,70 € / Demi-pièce (Pièce de 700g)",3.6,5.0,4.9,Chabi-des-pyrenees_1_carre_600600-1.jpg,NULL,NULL,NULL
Tome du Ségala,Vache,Pressée non cuite,https://www.laboitedufromager.com/fromage/tome-du-segala/,"La Tome du Segala est un fromage au lait cru de Vache à pâte pressée non cuite. Prix au Kilo : 23,60€ / Kg, soit 5,90€ les 250g",4.0,1.0,5.9,Tomme_du_Segala600600.jpg,57fc7c3d-dc53-4158-b231-054f5b27e5e9,2021-07-29,2.0
Tome du Ségala,Vache,Pressée non cuite,https://www.laboitedufromager.com/fromage/tome-du-segala/,"La Tome du Segala est un fromage au lait cru de Vache à pâte pressée non cuite. Prix au Kilo : 23,60€ / Kg, soit 5,90€ les 250g",4.0,1.0,5.9,Tomme_du_Segala600600.jpg,fbf9bfdc-ae36-4bfb-b1f9-f1892f68b596,2020-12-30,5.0
Tome le Saulnois aux cones de Houblon,Vache,Pressée non cuite,https://www.laboitedufromager.com/fromage/tome-le-saulnois-aux-cones-de-houblon/,"La tome le Saulnois aux cônes de houblon est un fromage à pâte pressée non cuite, au lait pasteurisé de vache. Prix au Kilo : 26 € (Soit 7,80€ les 300g)",5.0,1.0,7.8,Tomme-Saulnois-biere_600600.jpg,67187267-1458-4ec8-9901-76cf909bcb2f,2021-01-02,5.0
Tome le Saulnois aux cones de Houblon,Vache,Pressée non cuite,https://www.laboitedufromager.com/fromage/tome-le-saulnois-aux-cones-de-houblon/,"La tome le Saulnois aux cônes de houblon est un fromage à pâte pressée non cuite, au lait pasteurisé de vache. Prix au Kilo : 26 € (Soit 7,80€ les 300g)",5.0,1.0,7.8,Tomme-Saulnois-biere_600600.jpg,874276a7-e0df-4e1e-aa89-4dfc624c95ab,2021-10-04,2.0
Tome le Saulnois aux cones de Houblon,Vache,Pressée non cuite,https://www.laboitedufromager.com/fromage/tome-le-saulnois-aux-cones-de-houblon/,"La tome le Saulnois aux cônes de houblon est un fromage à pâte pressée non cuite, au lait pasteurisé de vache. Prix au Kilo : 26 € (Soit 7,80€ les 300g)",5.0,1.0,7.8,Tomme-Saulnois-biere_600600.jpg,cf5095a5-b88b-408b-bf43-8258b2601c19,2021-02-12,2.0
Tome le Saulnois aux cones de Houblon,Vache,Pressée non cuite,https://www.laboitedufromager.com/fromage/tome-le-saulnois-aux-cones-de-houblon/,"La tome le Saulnois aux cônes de houblon est un fromage à pâte pressée non cuite, au lait pasteurisé de vache. Prix au Kilo : 26 € (Soit 7,80€ les 300g)",5.0,1.0,7.8,Tomme-Saulnois-biere_600600.jpg,439e0655-6bb9-4f6a-a42f-c307b2ec414a,2021-05-02,3.0
Tome le Saulnois aux cones de Houblon,Vache,Pressée non cuite,https://www.laboitedufromager.com/fromage/tome-le-saulnois-aux-cones-de-houblon/,"La tome le Saulnois aux cônes de houblon est un fromage à pâte pressée non cuite, au lait pasteurisé de vache. Prix au Kilo : 26 € (Soit 7,80€ les 300g)",5.0,1.0,7.8,Tomme-Saulnois-biere_600600.jpg,5c6da113-ce18-4343-a707-0b28633e610b,2021-08-16,5.0
Tome le Saulnois aux cones de Houblon,Vache,Pressée non cuite,https://www.laboitedufromager.com/fromage/tome-le-saulnois-aux-cones-de-houblon/,"La tome le Saulnois aux cônes de houblon est un fromage à pâte pressée non cuite, au lait pasteurisé de vache. Prix au Kilo : 26 € (Soit 7,80€ les 300g)",5.0,1.0,7.8,Tomme-Saulnois-biere_600600.jpg,3852e90e-a975-4073-9a72-fb39551dbb16,2021-04-21,1.0
Tome le Saulnois aux cones de Houblon,Vache,Pressée non cuite,https://www.laboitedufromager.com/fromage/tome-le-saulnois-aux-cones-de-houblon/,"La tome le Saulnois aux cônes de houblon est un fromage à pâte pressée non cuite, au lait pasteurisé de vache. Prix au Kilo : 26 € (Soit 7,80€ les 300g)",5.0,1.0,7.8,Tomme-Saulnois-biere_600600.jpg,78466e2a-d569-4224-b1aa-c798350d8ca2,2020-01-11,4.0
Tomette de brebis Etchegoinia,Brebis,Pressée non cuite,https://www.laboitedufromager.com/fromage/tomette-de-brebis-etchegoinia/,"La Tomette brebis Etchegoinia est un fromage au lait cru de Brebis, à pâte pressée non cuite. Prix au Kilo : 35 €/Kg (Soit 8,75€ les 250g)",2.5,4.0,8.75,Tommette-Brebis-Etchegoinia_600600.png,4bb637ea-b9a1-4840-8575-08c506d2e561,2021-07-09,3.0
Tomette de brebis Etchegoinia,Brebis,Pressée non cuite,https://www.laboitedufromager.com/fromage/tomette-de-brebis-etchegoinia/,"La Tomette brebis Etchegoinia est un fromage au lait cru de Brebis, à pâte pressée non cuite. Prix au Kilo : 35 €/Kg (Soit 8,75€ les 250g)",2.5,4.0,8.75,Tommette-Brebis-Etchegoinia_600600.png,11eab96f-44e9-4358-9619-d1d92c9ffb02,2021-04-08,2.0
Tomette de brebis Etchegoinia,Brebis,Pressée non cuite,https://www.laboitedufromager.com/fromage/tomette-de-brebis-etchegoinia/,"La Tomette brebis Etchegoinia est un fromage au lait cru de Brebis, à pâte pressée non cuite. Prix au Kilo : 35 €/Kg (Soit 8,75€ les 250g)",2.5,4.0,8.75,Tommette-Brebis-Etchegoinia_600600.png,a2f33414-eb6a-404e-bba3-587b50e51c34,2020-04-25,3.0
Tomme Ail des ours,Vache,Pâte pressée non cuite,https://www.laboitedufromager.com/fromage/tomme-ail-des-ours/,"La Tomme Ail des Ours est un Fromage, affiné dans les caves de Savoie, à pâte pressée non cuite au lait cru de Vache. Elle est très aromatique et une saveur douce. Prix au Kilo : 29,50 € / Kg (Soit 8,85 € les 300g)",4.06,17.0,8.85,Tomme-Ail-des-Ours_1_600600.jpg,d71c136c-ec98-46aa-a104-56b958866114,2021-05-30,4.0
Tomme Ail des ours,Vache,Pâte pressée non cuite,https://www.laboitedufromager.com/fromage/tomme-ail-des-ours/,"La Tomme Ail des Ours est un Fromage, affiné dans les caves de Savoie, à pâte pressée non cuite au lait cru de Vache. Elle est très aromatique et une saveur douce. Prix au Kilo : 29,50 € / Kg (Soit 8,85 € les 300g)",4.06,17.0,8.85,Tomme-Ail-des-Ours_1_600600.jpg,2435e87f-6885-4a6e-b95e-544de1486f8f,2021-01-05,5.0
Tomme au chniu,Vache,Pressée non cuite,https://www.laboitedufromager.com/fromage/tomme-au-chniu/,"La Tomme au Chniu est un fromage au lait cru de vache, à pâte pressée non cuite. Prix au Kilo : 28 € (Soit 8,40 € les 300g)",3.75,4.0,8.4,Tomme-au-chniu_JLM14_600600.jpg,b4d41c45-ac42-4a9a-b2db-8c75bac4d54d,2020-04-11,5.0
Tomme au chniu,Vache,Pressée non cuite,https://www.laboitedufromager.com/fromage/tomme-au-chniu/,"La Tomme au Chniu est un fromage au lait cru de vache, à pâte pressée non cuite. Prix au Kilo : 28 € (Soit 8,40 € les 300g)",3.75,4.0,8.4,Tomme-au-chniu_JLM14_600600.jpg,61d2de43-a9d5-418e-b33e-43be6beaad40,2021-11-22,3.0
Tomme au chniu,Vache,Pressée non cuite,https://www.laboitedufromager.com/fromage/tomme-au-chniu/,"La Tomme au Chniu est un fromage au lait cru de vache, à pâte pressée non cuite. Prix au Kilo : 28 € (Soit 8,40 € les 300g)",3.75,4.0,8.4,Tomme-au-chniu_JLM14_600600.jpg,a0d984c6-b2ff-4692-a2b3-23f84fcf586c,2021-06-19,4.0
Tomme au chniu,Vache,Pressée non cuite,https://www.laboitedufromager.com/fromage/tomme-au-chniu/,"La Tomme au Chniu est un fromage au lait cru de vache, à pâte pressée non cuite. Prix au Kilo : 28 € (Soit 8,40 € les 300g)",3.75,4.0,8.4,Tomme-au-chniu_JLM14_600600.jpg,e03e89a7-8f12-4ed8-a790-1a5b83096b63,2021-07-27,1.0
Tomme au foin,Vache,Pressée non cuite,https://www.laboitedufromager.com/fromage/tomme-au-foin/,"La Tomme au Foin est un fromage à pâte pressée non cuite de Savoie, idéal à déguster en fin de repas. Sur un plateau, il est préférable de finir par ce fromage, qui est souvent très puissant. Prix au Kilo : 34,90€ / Kg (Soit 10,47€ les 300g)",3.0,7.0,10.47,Tomme-Foin-2-OK_600600.jpg,15876151-4548-4c8b-9259-f2d165235095,2021-08-17,5.0
Tomme au foin,Vache,Pressée non cuite,https://www.laboitedufromager.com/fromage/tomme-au-foin/,"La Tomme au Foin est un fromage à pâte pressée non cuite de Savoie, idéal à déguster en fin de repas. Sur un plateau, il est préférable de finir par ce fromage, qui est souvent très puissant. Prix au Kilo : 34,90€ / Kg (Soit 10,47€ les 300g)",3.0,7.0,10.47,Tomme-Foin-2-OK_600600.jpg,6ca34dbc-7a7c-4ff1-bff7-ede81fa41d38,2021-10-09,2.0
Tomme au foin,Vache,Pressée non cuite,https://www.laboitedufromager.com/fromage/tomme-au-foin/,"La Tomme au Foin est un fromage à pâte pressée non cuite de Savoie, idéal à déguster en fin de repas. Sur un plateau, il est préférable de finir par ce fromage, qui est souvent très puissant. Prix au Kilo : 34,90€ / Kg (Soit 10,47€ les 300g)",3.0,7.0,10.47,Tomme-Foin-2-OK_600600.jpg,29f59b9a-555a-4888-8934-b69eeaf78e2e,2020-06-10,4.0
Tomme brossée à la bière,Vache,Pressée non cuite,https://www.laboitedufromager.com/fromage/tomme-brossee-a-la-biere/,"La tomme brossée à la bière de Savoie est un fromage à pâte pressée non cuite, au lait cru de vache. Prix au Kilo : 26 € (Soit 7,80€ les 300g)",3.85,13.0,7.8,Tomme-brossee-biere_2-1_600600.jpg,005506a5-81b1-467c-8622-b7a955853bc7,2020-05-04,5.0
Tomme brossée à la bière,Vache,Pressée non cuite,https://www.laboitedufromager.com/fromage/tomme-brossee-a-la-biere/,"La tomme brossée à la bière de Savoie est un fromage à pâte pressée non cuite, au lait cru de vache. Prix au Kilo : 26 € (Soit 7,80€ les 300g)",3.85,13.0,7.8,Tomme-brossee-biere_2-1_600600.jpg,499fcceb-fecf-4478-aaae-7e38d3a30c80,2021-01-29,4.0
Tomme brossée à la bière,Vache,Pressée non cuite,https://www.laboitedufromager.com/fromage/tomme-brossee-a-la-biere/,"La tomme brossée à la bière de Savoie est un fromage à pâte pressée non cuite, au lait cru de vache. Prix au Kilo : 26 € (Soit 7,80€ les 300g)",3.85,13.0,7.8,Tomme-brossee-biere_2-1_600600.jpg,3161fedf-b80b-4798-9049-b99b29e1f16c,2020-06-25,3.0
Tomme brossée à la bière,Vache,Pressée non cuite,https://www.laboitedufromager.com/fromage/tomme-brossee-a-la-biere/,"La tomme brossée à la bière de Savoie est un fromage à pâte pressée non cuite, au lait cru de vache. Prix au Kilo : 26 € (Soit 7,80€ les 300g)",3.85,13.0,7.8,Tomme-brossee-biere_2-1_600600.jpg,058e60f6-6088-4c08-b132-dd5c894fd8b6,2020-12-13,5.0
Tomme Catalane,Vache,Pressée non cuite,https://www.laboitedufromager.com/fromage/tomme-catalane/,"La Tomme Catalane est un fromage à pâte pressée non cuite fabriquée à base de lait de vache. Prix au Kilo : 19,90 €/ Kg (Soit 5,97€ les 300g)",4.8,5.0,5.97,tomme-catalane_600600.jpg,NULL,NULL,NULL
Tomme céronnée,Vache,Pressée non cuite,https://www.laboitedufromager.com/fromage/tomme-ceronnee/,"La Tomme céronnée est un fromage au lait cru de vache, à pâte pressée non cuite. Prix au Kilo : 25,70 € (Soit 7,70 € les 300g)",4.25,4.0,7.7,Tomme-Ceronnee-2.jpg,2e825208-86cd-40b9-9ed2-e455803747d5,2021-03-17,1.0
Tomme céronnée,Vache,Pressée non cuite,https://www.laboitedufromager.com/fromage/tomme-ceronnee/,"La Tomme céronnée est un fromage au lait cru de vache, à pâte pressée non cuite. Prix au Kilo : 25,70 € (Soit 7,70 € les 300g)",4.25,4.0,7.7,Tomme-Ceronnee-2.jpg,de15c886-3a09-4386-9ec3-c6733db61c80,2021-02-28,5.0
Tomme céronnée,Vache,Pressée non cuite,https://www.laboitedufromager.com/fromage/tomme-ceronnee/,"La Tomme céronnée est un fromage au lait cru de vache, à pâte pressée non cuite. Prix au Kilo : 25,70 € (Soit 7,70 € les 300g)",4.25,4.0,7.7,Tomme-Ceronnee-2.jpg,33539bab-7e75-41a8-b5fb-5fee322111ae,2020-12-30,3.0
Tomme céronnée,Vache,Pressée non cuite,https://www.laboitedufromager.com/fromage/tomme-ceronnee/,"La Tomme céronnée est un fromage au lait cru de vache, à pâte pressée non cuite. Prix au Kilo : 25,70 € (Soit 7,70 € les 300g)",4.25,4.0,7.7,Tomme-Ceronnee-2.jpg,6858bb59-49a4-44cd-b396-47d6517b5a22,2020-01-09,1.0
Tomme céronnée,Vache,Pressée non cuite,https://www.laboitedufromager.com/fromage/tomme-ceronnee/,"La Tomme céronnée est un fromage au lait cru de vache, à pâte pressée non cuite. Prix au Kilo : 25,70 € (Soit 7,70 € les 300g)",4.25,4.0,7.7,Tomme-Ceronnee-2.jpg,6dbe7801-f38d-4620-99af-94d60be60497,2021-12-11,2.0
Tomme crayeuse fermière,Vache,Pressée non cuite,https://www.laboitedufromager.com/fromage/tomme-crayeuse/,"La tomme crayeuse de Haute-Savoie est un fromage à pâte pressée non cuite, au lait cru de vache. Prix au Kilo : 29,90 € (Soit 8,97 € les 300g)",3.9,29.0,8.97,Tomme_Crayeuse_OK_600600.jpg,c0ac59cd-ffcf-49a0-9c6a-dcaf41c1a4ca,2021-08-27,1.0
Tomme crayeuse fermière,Vache,Pressée non cuite,https://www.laboitedufromager.com/fromage/tomme-crayeuse/,"La tomme crayeuse de Haute-Savoie est un fromage à pâte pressée non cuite, au lait cru de vache. Prix au Kilo : 29,90 € (Soit 8,97 € les 300g)",3.9,29.0,8.97,Tomme_Crayeuse_OK_600600.jpg,9e9fcf82-8401-449b-b878-552441d09c17,2020-03-16,5.0
Tomme d’Anjou,Vache,Pressée non cuite,https://www.laboitedufromager.com/fromage/la-tomme-danjou/,"La Tomme d’Anjou est un Fromage bio affiné à pâte pressée non cuite au lait pasteurisé, 2 mois d’affinage, 50% MG/ES, lait d’Anjou de vaches jersiaises, texture moelleuse, crémeuse, couleur pâte jaune, croûte fleurie naturelle, couleur noire et grise. Prix au Kilo :",NULL,NULL,6.9,Tomme-danjou600600.jpg,NULL,NULL,NULL
Tomme d’Auvergne Mitée,Vache,Pressée non cuite,https://www.laboitedufromager.com/fromage/tomme-dauvergne-mitee/,"La Tomme d’Auvergne Mitée est un fromage de forme cylindrique, à pâte pressée non cuite et à base de lait pasteurisé de vache. Originaire de l’Auvergne–Rhône-Alpes, le produit de laitage présente une croûte rocailleuse, favorable à l’apparition des cérons, ces véritables amis des affineurs. C’est effectivement la présence de ces petits acariens qui donne le goût si unique de ce fromage à pâte souple et légèrement salé en bouche. D’ailleurs, aux arômes fruités, il offre une texture moelleuse à la dégustation grâce à sa maturation qui dure entre 4 à 5 mois en cave. Également connue sous l’appellation « Tomme de Rilhac Mitée Tunnel », la Tomme d’Auvergne Mitée représente l’une des spécialités de la fromagerie Duroux. Contenant 29 % de matières grasses sur produit fini, elle existe en petit et en grand modèle. La version miniature mesure 10 cm de diamètre pour 8 cm de hauteur tandis que son voisin fait 30 cm de diamètre pour 12 cm de hauteur. Prix au Kilo : 24,50 € (Soit 7,35 € les 300g)",4.42,26.0,7.35,tomme-d-auvergne-mitee.jpg,b8951afe-00a4-47fd-a8b7-a744b05f051f,2021-09-12,1.0
Tomme d’Auvergne Mitée,Vache,Pressée non cuite,https://www.laboitedufromager.com/fromage/tomme-dauvergne-mitee/,"La Tomme d’Auvergne Mitée est un fromage de forme cylindrique, à pâte pressée non cuite et à base de lait pasteurisé de vache. Originaire de l’Auvergne–Rhône-Alpes, le produit de laitage présente une croûte rocailleuse, favorable à l’apparition des cérons, ces véritables amis des affineurs. C’est effectivement la présence de ces petits acariens qui donne le goût si unique de ce fromage à pâte souple et légèrement salé en bouche. D’ailleurs, aux arômes fruités, il offre une texture moelleuse à la dégustation grâce à sa maturation qui dure entre 4 à 5 mois en cave. Également connue sous l’appellation « Tomme de Rilhac Mitée Tunnel », la Tomme d’Auvergne Mitée représente l’une des spécialités de la fromagerie Duroux. Contenant 29 % de matières grasses sur produit fini, elle existe en petit et en grand modèle. La version miniature mesure 10 cm de diamètre pour 8 cm de hauteur tandis que son voisin fait 30 cm de diamètre pour 12 cm de hauteur. Prix au Kilo : 24,50 € (Soit 7,35 € les 300g)",4.42,26.0,7.35,tomme-d-auvergne-mitee.jpg,5b4a9c4a-3dbe-49e3-acdb-d680bcd0e802,2020-09-07,2.0
Tomme d’Auvergne Mitée,Vache,Pressée non cuite,https://www.laboitedufromager.com/fromage/tomme-dauvergne-mitee/,"La Tomme d’Auvergne Mitée est un fromage de forme cylindrique, à pâte pressée non cuite et à base de lait pasteurisé de vache. Originaire de l’Auvergne–Rhône-Alpes, le produit de laitage présente une croûte rocailleuse, favorable à l’apparition des cérons, ces véritables amis des affineurs. C’est effectivement la présence de ces petits acariens qui donne le goût si unique de ce fromage à pâte souple et légèrement salé en bouche. D’ailleurs, aux arômes fruités, il offre une texture moelleuse à la dégustation grâce à sa maturation qui dure entre 4 à 5 mois en cave. Également connue sous l’appellation « Tomme de Rilhac Mitée Tunnel », la Tomme d’Auvergne Mitée représente l’une des spécialités de la fromagerie Duroux. Contenant 29 % de matières grasses sur produit fini, elle existe en petit et en grand modèle. La version miniature mesure 10 cm de diamètre pour 8 cm de hauteur tandis que son voisin fait 30 cm de diamètre pour 12 cm de hauteur. Prix au Kilo : 24,50 € (Soit 7,35 € les 300g)",4.42,26.0,7.35,tomme-d-auvergne-mitee.jpg,70d32de1-9906-4ffb-b508-eb6a9b6ad029,2020-08-27,4.0
Tomme de Berry,Vache,Pressée non cuite,https://www.laboitedufromager.com/fromage/tomme-de-berry/,"La Tomme de Berry est un fromage du Val de Loire, idéal à partager. Il s’agit d’un fromage à pâte pressée non cuite. Prix au Kilo : 22€ / Kg (Soit 6,60€ les 300g)",3.6,5.0,6.6,Tomme-du-Berry_600600.jpg,67231e8a-12a5-480a-b9f7-7df60b65ec27,2021-10-16,2.0
Tomme de Berry,Vache,Pressée non cuite,https://www.laboitedufromager.com/fromage/tomme-de-berry/,"La Tomme de Berry est un fromage du Val de Loire, idéal à partager. Il s’agit d’un fromage à pâte pressée non cuite. Prix au Kilo : 22€ / Kg (Soit 6,60€ les 300g)",3.6,5.0,6.6,Tomme-du-Berry_600600.jpg,b6756b0b-021d-4dd7-b6a4-ea18301e7f3a,2021-12-11,5.0
Tomme de Berry,Vache,Pressée non cuite,https://www.laboitedufromager.com/fromage/tomme-de-berry/,"La Tomme de Berry est un fromage du Val de Loire, idéal à partager. Il s’agit d’un fromage à pâte pressée non cuite. Prix au Kilo : 22€ / Kg (Soit 6,60€ les 300g)",3.6,5.0,6.6,Tomme-du-Berry_600600.jpg,be106adc-7b00-470b-a8b5-8dce6dc50a5d,2020-06-06,1.0
Tomme de Berry,Vache,Pressée non cuite,https://www.laboitedufromager.com/fromage/tomme-de-berry/,"La Tomme de Berry est un fromage du Val de Loire, idéal à partager. Il s’agit d’un fromage à pâte pressée non cuite. Prix au Kilo : 22€ / Kg (Soit 6,60€ les 300g)",3.6,5.0,6.6,Tomme-du-Berry_600600.jpg,47f12341-2c87-49de-a1e4-b8f48ca5f23d,2021-01-24,5.0
Tomme de Berry,Vache,Pressée non cuite,https://www.laboitedufromager.com/fromage/tomme-de-berry/,"La Tomme de Berry est un fromage du Val de Loire, idéal à partager. Il s’agit d’un fromage à pâte pressée non cuite. Prix au Kilo : 22€ / Kg (Soit 6,60€ les 300g)",3.6,5.0,6.6,Tomme-du-Berry_600600.jpg,a964ecbd-7118-4481-8a13-d527ac42bf95,2020-03-31,2.0
Tomme de Brebis Affinée Tunnel,Brebis,Pressée non cuite,https://www.laboitedufromager.com/fromage/tomme-de-brebis-affinee-tunnel/,"La Tomme de Brebis Affiné Tunnel d’Auvergne est un fromage au lait pasteurisé de Brebis, à pâte pressée non cuite. Il est affiné entre 2 et 12 Mois. Prix au Kilo : 31€/Kg, Soit 9,30€ les 300g",4.0,1.0,9.3,Tomme-de-brebis-affinee-Tunnel_JL1_600600.jpg,42942aa3-147f-4f92-ba94-4fb8a9553f18,2020-06-05,4.0
Tomme de Brebis Affinée Tunnel,Brebis,Pressée non cuite,https://www.laboitedufromager.com/fromage/tomme-de-brebis-affinee-tunnel/,"La Tomme de Brebis Affiné Tunnel d’Auvergne est un fromage au lait pasteurisé de Brebis, à pâte pressée non cuite. Il est affiné entre 2 et 12 Mois. Prix au Kilo : 31€/Kg, Soit 9,30€ les 300g",4.0,1.0,9.3,Tomme-de-brebis-affinee-Tunnel_JL1_600600.jpg,83544b69-e10a-48e6-b890-cd2ef27800cc,2020-10-29,2.0
Tomme de Brebis Affinée Tunnel,Brebis,Pressée non cuite,https://www.laboitedufromager.com/fromage/tomme-de-brebis-affinee-tunnel/,"La Tomme de Brebis Affiné Tunnel d’Auvergne est un fromage au lait pasteurisé de Brebis, à pâte pressée non cuite. Il est affiné entre 2 et 12 Mois. Prix au Kilo : 31€/Kg, Soit 9,30€ les 300g",4.0,1.0,9.3,Tomme-de-brebis-affinee-Tunnel_JL1_600600.jpg,85b3ecb0-95fe-4c6c-a488-751678499d76,2020-04-18,4.0
Tomme de Brebis à la liqueur de noix,Brebis,Pressée non cuite,https://www.laboitedufromager.com/fromage/tomme-de-brebis-a-la-liqueur-de-noix/,"La Tomme de Brebis à la liqueur de Noix est un fromage au lait pasteurisé de Brebis, à pâte pressée non cuite, fabriqué dans le Lot-et-Garonne. Prix au Kilo : 33 €/Kg (Soit 9,90€ les 300g)",5.0,2.0,9.9,brebis-baechler-noix600600.jpg,6900a450-483a-4013-8fe5-feb050e2ba78,2020-12-19,4.0
Tomme de Brebis à la liqueur de noix,Brebis,Pressée non cuite,https://www.laboitedufromager.com/fromage/tomme-de-brebis-a-la-liqueur-de-noix/,"La Tomme de Brebis à la liqueur de Noix est un fromage au lait pasteurisé de Brebis, à pâte pressée non cuite, fabriqué dans le Lot-et-Garonne. Prix au Kilo : 33 €/Kg (Soit 9,90€ les 300g)",5.0,2.0,9.9,brebis-baechler-noix600600.jpg,7d61fd0f-baee-4bc5-bdb4-daf530bfa220,2020-06-20,2.0
Tomme de Brebis à la liqueur de noix,Brebis,Pressée non cuite,https://www.laboitedufromager.com/fromage/tomme-de-brebis-a-la-liqueur-de-noix/,"La Tomme de Brebis à la liqueur de Noix est un fromage au lait pasteurisé de Brebis, à pâte pressée non cuite, fabriqué dans le Lot-et-Garonne. Prix au Kilo : 33 €/Kg (Soit 9,90€ les 300g)",5.0,2.0,9.9,brebis-baechler-noix600600.jpg,50667425-9f26-4b45-ab41-bd175b17cdee,2020-02-17,3.0
Tomme de Brebis au Piment,Brebis,Pressée non cuite,https://www.laboitedufromager.com/fromage/tomme-de-brebis-au-piment/,"La Tomme de Brebis au Piment est un fromage au lait pasteurisé de Brebis, à pâte pressée non cuite, fabriqué dans le Béarn. Prix au Kilo : 33 €/Kg (Soit 9,90€ les 300g)",4.67,3.0,9.9,Brebis-Piment_600600.jpg,3727c4a7-89b5-4cbc-afd0-5d0da069e427,2020-09-09,3.0
Tomme de Brebis au Piment,Brebis,Pressée non cuite,https://www.laboitedufromager.com/fromage/tomme-de-brebis-au-piment/,"La Tomme de Brebis au Piment est un fromage au lait pasteurisé de Brebis, à pâte pressée non cuite, fabriqué dans le Béarn. Prix au Kilo : 33 €/Kg (Soit 9,90€ les 300g)",4.67,3.0,9.9,Brebis-Piment_600600.jpg,96d94f78-761c-465b-a2c4-fb45ad20de8d,2020-05-01,4.0
Tomme de Brebis au Poivre,Brebis,Pressée cuite,https://www.laboitedufromager.com/fromage/tomme-de-brebis-au-poivre/,"La Tomme de Brebis au Poivre est un fromage au lait pasteurisé de Brebis, à pâte pressée cuite, fabriqué en Sicile. Prix au Kilo : 23 €/Kg (Soit 6,90€ les 300g)",2.5,2.0,6.9,Brebis-Poivre_600600.jpg,67b3873d-0c54-406c-9219-4f4297f26d0a,2021-10-23,4.0
Tomme de Brebis au Poivre,Brebis,Pressée cuite,https://www.laboitedufromager.com/fromage/tomme-de-brebis-au-poivre/,"La Tomme de Brebis au Poivre est un fromage au lait pasteurisé de Brebis, à pâte pressée cuite, fabriqué en Sicile. Prix au Kilo : 23 €/Kg (Soit 6,90€ les 300g)",2.5,2.0,6.9,Brebis-Poivre_600600.jpg,c57736ee-4c16-4662-a564-0a7dc7917082,2020-10-22,5.0
Tomme de Brebis au Poivre,Brebis,Pressée cuite,https://www.laboitedufromager.com/fromage/tomme-de-brebis-au-poivre/,"La Tomme de Brebis au Poivre est un fromage au lait pasteurisé de Brebis, à pâte pressée cuite, fabriqué en Sicile. Prix au Kilo : 23 €/Kg (Soit 6,90€ les 300g)",2.5,2.0,6.9,Brebis-Poivre_600600.jpg,e709822d-8933-46ec-b02e-43c216c1d598,2020-06-08,3.0
Tomme de Brebis au Poivre,Brebis,Pressée cuite,https://www.laboitedufromager.com/fromage/tomme-de-brebis-au-poivre/,"La Tomme de Brebis au Poivre est un fromage au lait pasteurisé de Brebis, à pâte pressée cuite, fabriqué en Sicile. Prix au Kilo : 23 €/Kg (Soit 6,90€ les 300g)",2.5,2.0,6.9,Brebis-Poivre_600600.jpg,6ecbd53e-282f-4228-aba7-303c4dde9fef,2020-06-05,5.0
Tomme de Brebis au Poivre,Brebis,Pressée cuite,https://www.laboitedufromager.com/fromage/tomme-de-brebis-au-poivre/,"La Tomme de Brebis au Poivre est un fromage au lait pasteurisé de Brebis, à pâte pressée cuite, fabriqué en Sicile. Prix au Kilo : 23 €/Kg (Soit 6,90€ les 300g)",2.5,2.0,6.9,Brebis-Poivre_600600.jpg,9621a53e-d7f1-4cbc-964b-c36d7882f387,2020-04-30,1.0
Tomme de Brebis de l’Ardèche,Brebis,Pressée non cuite,https://www.laboitedufromager.com/fromage/tomme-de-brebis-de-lardeche/,"La Tomme de Brebis de l’Ardèche est un fromage au lait pasteurisé de Brebis, à pâte pressée non cuite. Prix au Kilo : 31€/Kg, Soit 9,30€ les 300g",2.0,2.0,9.3,Tomme-Brebis-Ardeche_600600.jpg,681e6ccc-e163-4ba8-89c2-83c2f46776fe,2021-08-30,4.0
Tomme de Brebis de l’Ardèche,Brebis,Pressée non cuite,https://www.laboitedufromager.com/fromage/tomme-de-brebis-de-lardeche/,"La Tomme de Brebis de l’Ardèche est un fromage au lait pasteurisé de Brebis, à pâte pressée non cuite. Prix au Kilo : 31€/Kg, Soit 9,30€ les 300g",2.0,2.0,9.3,Tomme-Brebis-Ardeche_600600.jpg,0eadba5d-8508-4cf7-bce0-57d4c9231ebd,2020-09-19,1.0
Tomme de Brebis de l’Ardèche,Brebis,Pressée non cuite,https://www.laboitedufromager.com/fromage/tomme-de-brebis-de-lardeche/,"La Tomme de Brebis de l’Ardèche est un fromage au lait pasteurisé de Brebis, à pâte pressée non cuite. Prix au Kilo : 31€/Kg, Soit 9,30€ les 300g",2.0,2.0,9.3,Tomme-Brebis-Ardeche_600600.jpg,cf137cb8-fb53-4788-b454-64abe35144e6,2020-10-23,1.0
Tomme de Brebis des Pyrénées,Brebis,Pressée non cuite,https://www.laboitedufromager.com/fromage/tomme-de-brebis-des-pyrenees/,"La Tomme fermière brebis est un fromage à base de lait cru et entier de brebis à pâte pressée non cuite, produit en région Nouvelle-Aquitaine. De forme cylindrique, elle a une belle croute naturelle et fine. Elle possède une pâte pressée, dense et en même temps souple. Le fromage est vendu sous différents formats dont le poids varie entre 500 g et 2 kg. En outre, il se décline en trois types, à savoir : En bouche, la Tomme fermière brebis a un goût lacté et fruité plus ou moins prononcé selon la maturation. Il existe également une variante aromatisée au poivron et piment d’Espelette. La Tomme fermière brebis s’accompagne de confiture de cerises noires, de pâte de coing ou de gelée de piment d’Espelette. Elle peut aussi agrémenter une salade. Prix au kilo : 34,90 € (soit 10,47 € les 300g)",4.47,15.0,10.47,tomme-fermiere-brebis-pyrenees.jpg,3a9e8f84-d3e9-4890-a6e7-fa65fa3fa23b,2020-09-16,4.0
Tomme de Brebis des Pyrénées,Brebis,Pressée non cuite,https://www.laboitedufromager.com/fromage/tomme-de-brebis-des-pyrenees/,"La Tomme fermière brebis est un fromage à base de lait cru et entier de brebis à pâte pressée non cuite, produit en région Nouvelle-Aquitaine. De forme cylindrique, elle a une belle croute naturelle et fine. Elle possède une pâte pressée, dense et en même temps souple. Le fromage est vendu sous différents formats dont le poids varie entre 500 g et 2 kg. En outre, il se décline en trois types, à savoir : En bouche, la Tomme fermière brebis a un goût lacté et fruité plus ou moins prononcé selon la maturation. Il existe également une variante aromatisée au poivron et piment d’Espelette. La Tomme fermière brebis s’accompagne de confiture de cerises noires, de pâte de coing ou de gelée de piment d’Espelette. Elle peut aussi agrémenter une salade. Prix au kilo : 34,90 € (soit 10,47 € les 300g)",4.47,15.0,10.47,tomme-fermiere-brebis-pyrenees.jpg,4f51d8dd-5865-4f62-ba9c-a940517ba180,2020-03-30,5.0
Tomme de Brebis des Pyrénées,Brebis,Pressée non cuite,https://www.laboitedufromager.com/fromage/tomme-de-brebis-des-pyrenees/,"La Tomme fermière brebis est un fromage à base de lait cru et entier de brebis à pâte pressée non cuite, produit en région Nouvelle-Aquitaine. De forme cylindrique, elle a une belle croute naturelle et fine. Elle possède une pâte pressée, dense et en même temps souple. Le fromage est vendu sous différents formats dont le poids varie entre 500 g et 2 kg. En outre, il se décline en trois types, à savoir : En bouche, la Tomme fermière brebis a un goût lacté et fruité plus ou moins prononcé selon la maturation. Il existe également une variante aromatisée au poivron et piment d’Espelette. La Tomme fermière brebis s’accompagne de confiture de cerises noires, de pâte de coing ou de gelée de piment d’Espelette. Elle peut aussi agrémenter une salade. Prix au kilo : 34,90 € (soit 10,47 € les 300g)",4.47,15.0,10.47,tomme-fermiere-brebis-pyrenees.jpg,b1a6a790-b8be-43a5-a5e7-20e69418e305,2021-11-19,2.0
Tomme de Brebis du Béarn,Brebis,Pressée non cuite,https://www.laboitedufromager.com/fromage/ossau/,"L’Ossau du béarn est un fromage au lait cru de Brebis, à pâte pressée non cuite. Il est affiné pendant 2 et 12 Mois. Prix au Kilo : Ossau de Plaine : 32€/Kg, Soit 9,60€ les 300g Ossau d’Estive : 37€/Kg, soit 11,10€ les 300g",3.42,12.0,NULL,Ossau_600600.jpg,d8ca1da7-aabf-4c3c-86c0-a2f5473e37a4,2020-02-08,2.0
Tomme de Brebis du Béarn,Brebis,Pressée non cuite,https://www.laboitedufromager.com/fromage/ossau/,"L’Ossau du béarn est un fromage au lait cru de Brebis, à pâte pressée non cuite. Il est affiné pendant 2 et 12 Mois. Prix au Kilo : Ossau de Plaine : 32€/Kg, Soit 9,60€ les 300g Ossau d’Estive : 37€/Kg, soit 11,10€ les 300g",3.42,12.0,NULL,Ossau_600600.jpg,b6054a40-0d29-4800-98ba-5e43174addca,2020-06-15,5.0
Tomme de chèvre affinée au Muscadet,Chèvre,Molle à croûte lavée,https://www.laboitedufromager.com/fromage/tomme-de-chevre-affinee-au-muscadet/,"La Tomme de chèvre affinée au muscadet est un Fromage affiné à pâte molle à croûte lavée au lait pasteurisé de Chèvre. Prix au Kilo : 26,33 € (Soit 7,90 € les 300g)",4.5,2.0,7.9,Tomme-chevre-Muscadet_JL_600600.jpg,c89b0b12-ff20-43e3-b6b7-98186c615ad7,2021-01-14,4.0
Tomme de chèvre affinée au Muscadet,Chèvre,Molle à croûte lavée,https://www.laboitedufromager.com/fromage/tomme-de-chevre-affinee-au-muscadet/,"La Tomme de chèvre affinée au muscadet est un Fromage affiné à pâte molle à croûte lavée au lait pasteurisé de Chèvre. Prix au Kilo : 26,33 € (Soit 7,90 € les 300g)",4.5,2.0,7.9,Tomme-chevre-Muscadet_JL_600600.jpg,1b94d43b-9b5f-4fc8-a045-9a698b2b373f,2020-08-21,2.0
Tomme de chèvre des Pyrénées,Chèvre,Pressée non cuite,https://www.laboitedufromager.com/fromage/tomme-de-chevre/,"La Tomme de Chèvre des Pyrénées est un Fromage fermier affiné à pâte pressée non cuite au lait cru de chèvre. Prix au Kilo : 35 € / Kg (Soit 8,75 € les 250g)",4.5,12.0,8.75,tome-de-chevre1_600600.jpg,8c6da79b-ddd5-4e8c-8e02-f5045d7699a1,2020-05-01,1.0
Tomme de chèvre des Pyrénées,Chèvre,Pressée non cuite,https://www.laboitedufromager.com/fromage/tomme-de-chevre/,"La Tomme de Chèvre des Pyrénées est un Fromage fermier affiné à pâte pressée non cuite au lait cru de chèvre. Prix au Kilo : 35 € / Kg (Soit 8,75 € les 250g)",4.5,12.0,8.75,tome-de-chevre1_600600.jpg,6d7da3a4-aa45-4e6c-a449-ba6af7e7ad23,2020-11-11,5.0
Tomme de chèvre des Pyrénées,Chèvre,Pressée non cuite,https://www.laboitedufromager.com/fromage/tomme-de-chevre/,"La Tomme de Chèvre des Pyrénées est un Fromage fermier affiné à pâte pressée non cuite au lait cru de chèvre. Prix au Kilo : 35 € / Kg (Soit 8,75 € les 250g)",4.5,12.0,8.75,tome-de-chevre1_600600.jpg,e8dc7674-1290-4b31-9ef5-9f023b132a38,2020-10-17,4.0
Tomme de chèvre des Pyrénées,Chèvre,Pressée non cuite,https://www.laboitedufromager.com/fromage/tomme-de-chevre/,"La Tomme de Chèvre des Pyrénées est un Fromage fermier affiné à pâte pressée non cuite au lait cru de chèvre. Prix au Kilo : 35 € / Kg (Soit 8,75 € les 250g)",4.5,12.0,8.75,tome-de-chevre1_600600.jpg,3e82f24b-355a-4826-9909-167b2f9d04b0,2021-05-15,4.0
Tomme de chèvre des Pyrénées,Chèvre,Pressée non cuite,https://www.laboitedufromager.com/fromage/tomme-de-chevre/,"La Tomme de Chèvre des Pyrénées est un Fromage fermier affiné à pâte pressée non cuite au lait cru de chèvre. Prix au Kilo : 35 € / Kg (Soit 8,75 € les 250g)",4.5,12.0,8.75,tome-de-chevre1_600600.jpg,ae90df54-bd64-4904-8d3e-3153cba8eec1,2020-01-25,5.0
Tomme de chèvre des Pyrénées,Chèvre,Pressée non cuite,https://www.laboitedufromager.com/fromage/tomme-de-chevre/,"La Tomme de Chèvre des Pyrénées est un Fromage fermier affiné à pâte pressée non cuite au lait cru de chèvre. Prix au Kilo : 35 € / Kg (Soit 8,75 € les 250g)",4.5,12.0,8.75,tome-de-chevre1_600600.jpg,91575a22-7fa6-40fd-8f1e-d82b31a52043,2021-12-26,3.0
Tomme de chèvre des Pyrénées,Chèvre,Pressée non cuite,https://www.laboitedufromager.com/fromage/tomme-de-chevre/,"La Tomme de Chèvre des Pyrénées est un Fromage fermier affiné à pâte pressée non cuite au lait cru de chèvre. Prix au Kilo : 35 € / Kg (Soit 8,75 € les 250g)",4.5,12.0,8.75,tome-de-chevre1_600600.jpg,f5044b14-2e49-4797-ad67-743ce9683e86,2021-07-13,4.0
Tomme de chèvre de Savoie,Chèvre,Pressée non cuite,https://www.laboitedufromager.com/fromage/tomme-de-chevre-de-savoie/,"La Tomme de chèvre de Savoie est un fromage au lait cru de Chèvre. Prix au Kilo : 31 € (Soit 9,30€ les 300g)",4.29,7.0,9.3,Tomme_Chevre_Savoie_600600.jpg,ce28e4da-046d-4394-ac76-6a9747f418b6,2020-08-27,5.0
Tomme de chèvre de Savoie,Chèvre,Pressée non cuite,https://www.laboitedufromager.com/fromage/tomme-de-chevre-de-savoie/,"La Tomme de chèvre de Savoie est un fromage au lait cru de Chèvre. Prix au Kilo : 31 € (Soit 9,30€ les 300g)",4.29,7.0,9.3,Tomme_Chevre_Savoie_600600.jpg,3e106877-1d79-4c64-8914-737a637641be,2020-07-15,1.0
Tomme de chèvre de Savoie,Chèvre,Pressée non cuite,https://www.laboitedufromager.com/fromage/tomme-de-chevre-de-savoie/,"La Tomme de chèvre de Savoie est un fromage au lait cru de Chèvre. Prix au Kilo : 31 € (Soit 9,30€ les 300g)",4.29,7.0,9.3,Tomme_Chevre_Savoie_600600.jpg,9362ee6d-0934-45a5-baf1-aaef67c0d8b6,2020-09-18,1.0
Tomme de chèvre de Savoie,Chèvre,Pressée non cuite,https://www.laboitedufromager.com/fromage/tomme-de-chevre-de-savoie/,"La Tomme de chèvre de Savoie est un fromage au lait cru de Chèvre. Prix au Kilo : 31 € (Soit 9,30€ les 300g)",4.29,7.0,9.3,Tomme_Chevre_Savoie_600600.jpg,d67b355d-2358-43b6-82eb-733f23ae386e,2020-02-21,3.0
Tomme de chèvre de Savoie,Chèvre,Pressée non cuite,https://www.laboitedufromager.com/fromage/tomme-de-chevre-de-savoie/,"La Tomme de chèvre de Savoie est un fromage au lait cru de Chèvre. Prix au Kilo : 31 € (Soit 9,30€ les 300g)",4.29,7.0,9.3,Tomme_Chevre_Savoie_600600.jpg,7313cb54-f3e3-433d-b52c-88b2924acd58,2021-12-17,1.0
Tomme de chèvre grise,Chèvre,Pressée non cuite,https://www.laboitedufromager.com/fromage/tomme-de-chevre-grise/,"La Tomme de Chèvre grise est un Fromage à pâte pressée non cuite au lait de chèvre. Prix au Kilo : 29 € / Kg (Soit 7,25 € les 250g)",4.33,3.0,7.25,Tomme-Chevre-Grise_600600.jpg,933242e6-3dbc-44a5-83e0-9baa44984008,2020-07-24,5.0
Tomme de chèvre grise,Chèvre,Pressée non cuite,https://www.laboitedufromager.com/fromage/tomme-de-chevre-grise/,"La Tomme de Chèvre grise est un Fromage à pâte pressée non cuite au lait de chèvre. Prix au Kilo : 29 € / Kg (Soit 7,25 € les 250g)",4.33,3.0,7.25,Tomme-Chevre-Grise_600600.jpg,10886445-0ea0-4d75-bf55-de7c1d6e7610,2021-01-22,3.0
Tomme de chèvre grise,Chèvre,Pressée non cuite,https://www.laboitedufromager.com/fromage/tomme-de-chevre-grise/,"La Tomme de Chèvre grise est un Fromage à pâte pressée non cuite au lait de chèvre. Prix au Kilo : 29 € / Kg (Soit 7,25 € les 250g)",4.33,3.0,7.25,Tomme-Chevre-Grise_600600.jpg,979e4be7-eed6-4e73-a6c7-7a5ee3be3efc,2021-08-14,3.0
Tomme de Montagne,Vache,Pressée non cuite,https://www.laboitedufromager.com/fromage/tomme-de-montagne/,"La Tomme de Montagne de Haute Savoie est un fromage au lait cru de vache, à pâte pressée non cuite. Prix au Kilo : 25 € (Soit 7,50 € les 300g)",4.65,17.0,7.5,Tomme-Montagne_600600.jpg,a73fa444-324f-4bf7-a11e-dead0dcc710f,2021-02-03,4.0
Tomme de Montagne Dent du Chat,Vache,Pressée non cuite,https://www.laboitedufromager.com/fromage/tomme-de-montagne-dent-du-chat/,"La Tomme de Montagne La Dent du Chat est un fromage au lait cru de vache à pâte pressée non cuite. Elle est fabriquée à la coopérative laitière de Yenne. Prix au Kilo : 21 € (soit 6,30 € les 300g)",NULL,NULL,6.3,Tomme-Montagne_Dent-du-chat_2_V2.png,8434c214-f444-46ac-91c6-8a285c66129d,2021-11-22,1.0
Tomme de Montagne Dent du Chat,Vache,Pressée non cuite,https://www.laboitedufromager.com/fromage/tomme-de-montagne-dent-du-chat/,"La Tomme de Montagne La Dent du Chat est un fromage au lait cru de vache à pâte pressée non cuite. Elle est fabriquée à la coopérative laitière de Yenne. Prix au Kilo : 21 € (soit 6,30 € les 300g)",NULL,NULL,6.3,Tomme-Montagne_Dent-du-chat_2_V2.png,18c2f979-88a7-450b-a915-6f0b7f1fbc56,2021-08-27,2.0
Tomme de Montagne Dent du Chat,Vache,Pressée non cuite,https://www.laboitedufromager.com/fromage/tomme-de-montagne-dent-du-chat/,"La Tomme de Montagne La Dent du Chat est un fromage au lait cru de vache à pâte pressée non cuite. Elle est fabriquée à la coopérative laitière de Yenne. Prix au Kilo : 21 € (soit 6,30 € les 300g)",NULL,NULL,6.3,Tomme-Montagne_Dent-du-chat_2_V2.png,ed603283-650b-41c2-883a-ea0ab1c40a36,2021-11-19,4.0
Tomme de Montagne du Jura Suisse,Vache,Pressée cuite,https://www.laboitedufromager.com/fromage/tomme-de-montagne-du-jura-suisse/,"La Tomme de Montagne du Jura Suisse est un fromage à pâte pressée cuite, au lait cru de vache. Il est fabriqué en Suisse, dans la région de Franches-Montagnes. Prix au kilo : 35 € (soit 10,50 € les 300g)",5.0,2.0,10.5,Tomme-de-Montagne-Jura-Suisse_JL1_600600.jpg,8e068b9c-7a48-47c5-905d-bde8d2fdbd52,2021-03-28,5.0
Tomme de Montagne du Jura Suisse,Vache,Pressée cuite,https://www.laboitedufromager.com/fromage/tomme-de-montagne-du-jura-suisse/,"La Tomme de Montagne du Jura Suisse est un fromage à pâte pressée cuite, au lait cru de vache. Il est fabriqué en Suisse, dans la région de Franches-Montagnes. Prix au kilo : 35 € (soit 10,50 € les 300g)",5.0,2.0,10.5,Tomme-de-Montagne-Jura-Suisse_JL1_600600.jpg,b2b43273-0eb8-4310-87ac-76ffdd75ed61,2021-03-07,5.0
Tomme de Montagne du Jura Suisse,Vache,Pressée cuite,https://www.laboitedufromager.com/fromage/tomme-de-montagne-du-jura-suisse/,"La Tomme de Montagne du Jura Suisse est un fromage à pâte pressée cuite, au lait cru de vache. Il est fabriqué en Suisse, dans la région de Franches-Montagnes. Prix au kilo : 35 € (soit 10,50 € les 300g)",5.0,2.0,10.5,Tomme-de-Montagne-Jura-Suisse_JL1_600600.jpg,aad4ac2c-e379-42cb-a92e-bf2a6ed90ff2,2021-03-11,4.0
Tomme de Montagne du Jura Suisse,Vache,Pressée cuite,https://www.laboitedufromager.com/fromage/tomme-de-montagne-du-jura-suisse/,"La Tomme de Montagne du Jura Suisse est un fromage à pâte pressée cuite, au lait cru de vache. Il est fabriqué en Suisse, dans la région de Franches-Montagnes. Prix au kilo : 35 € (soit 10,50 € les 300g)",5.0,2.0,10.5,Tomme-de-Montagne-Jura-Suisse_JL1_600600.jpg,2d8ce2c2-96b3-4fcb-8a28-70ee8160ef4a,2020-04-29,2.0
Tomme de Montagne du Jura Suisse,Vache,Pressée cuite,https://www.laboitedufromager.com/fromage/tomme-de-montagne-du-jura-suisse/,"La Tomme de Montagne du Jura Suisse est un fromage à pâte pressée cuite, au lait cru de vache. Il est fabriqué en Suisse, dans la région de Franches-Montagnes. Prix au kilo : 35 € (soit 10,50 € les 300g)",5.0,2.0,10.5,Tomme-de-Montagne-Jura-Suisse_JL1_600600.jpg,d9c748b8-fa6a-4101-b1bd-cf11d345667e,2021-11-30,1.0
Tomme de Rhuys,Vache,Pressée non cuite,https://www.laboitedufromager.com/fromage/tome-de-rhuys/,"La Tome de la Ferme de Suscinio est un fromage à pâte pressée non cuite fabriqué en Bretagne, dans le Morbihan. Prix au Kilo : 28 € (Soit 8,40€ les 300g)",5.0,2.0,8.4,Tomme-de-Rhuys_JL1_600600.jpg,81cc1925-7b59-4b83-b5e4-3b44aba94dd7,2020-06-16,2.0
Tomme de Rhuys,Vache,Pressée non cuite,https://www.laboitedufromager.com/fromage/tome-de-rhuys/,"La Tome de la Ferme de Suscinio est un fromage à pâte pressée non cuite fabriqué en Bretagne, dans le Morbihan. Prix au Kilo : 28 € (Soit 8,40€ les 300g)",5.0,2.0,8.4,Tomme-de-Rhuys_JL1_600600.jpg,6e5a45f5-1819-4ae2-b59b-3f9bc5ad1abc,2021-07-26,3.0
Tomme de Rhuys,Vache,Pressée non cuite,https://www.laboitedufromager.com/fromage/tome-de-rhuys/,"La Tome de la Ferme de Suscinio est un fromage à pâte pressée non cuite fabriqué en Bretagne, dans le Morbihan. Prix au Kilo : 28 € (Soit 8,40€ les 300g)",5.0,2.0,8.4,Tomme-de-Rhuys_JL1_600600.jpg,485ccb61-6fa9-433e-82af-69e53d19555a,2020-03-08,1.0
Tomme de Rhuys,Vache,Pressée non cuite,https://www.laboitedufromager.com/fromage/tome-de-rhuys/,"La Tome de la Ferme de Suscinio est un fromage à pâte pressée non cuite fabriqué en Bretagne, dans le Morbihan. Prix au Kilo : 28 € (Soit 8,40€ les 300g)",5.0,2.0,8.4,Tomme-de-Rhuys_JL1_600600.jpg,63bcf8a4-c62c-4a7b-b93e-1630bb71b2b0,2020-08-25,2.0
Tomme de Rhuys,Vache,Pressée non cuite,https://www.laboitedufromager.com/fromage/tome-de-rhuys/,"La Tome de la Ferme de Suscinio est un fromage à pâte pressée non cuite fabriqué en Bretagne, dans le Morbihan. Prix au Kilo : 28 € (Soit 8,40€ les 300g)",5.0,2.0,8.4,Tomme-de-Rhuys_JL1_600600.jpg,1fa1fe73-0000-45f6-b52e-c0e315d72461,2020-04-02,2.0
Tomme de Rhuys,Vache,Pressée non cuite,https://www.laboitedufromager.com/fromage/tome-de-rhuys/,"La Tome de la Ferme de Suscinio est un fromage à pâte pressée non cuite fabriqué en Bretagne, dans le Morbihan. Prix au Kilo : 28 € (Soit 8,40€ les 300g)",5.0,2.0,8.4,Tomme-de-Rhuys_JL1_600600.jpg,d45cf1a8-0609-4aec-82e0-8794b396c4e6,2020-12-27,3.0
Tomme de Rilhac Xaintrie,Vache,Pressée non cuite,NULL,NULL,NULL,NULL,NULL,NULL,fb911db7-7565-4e05-8db6-da2f5bd33baa,2020-07-05,1.0
Tomme de Rilhac Xaintrie,Vache,Pressée non cuite,NULL,NULL,NULL,NULL,NULL,NULL,1b59cc72-5a3d-4b0f-a666-dbbc75b5e7e6,2020-02-22,1.0
Tomme de Rilhac Xaintrie,Vache,Pressée non cuite,NULL,NULL,NULL,NULL,NULL,NULL,665aa470-02f8-4aee-9975-5ed7e216b8ae,2020-10-01,2.0
Tomme de Savoie,Vache,Pressée non cuite,https://www.laboitedufromager.com/fromage/tomme-de-savoie-igp/,"Véritable institution gastronomique locale, la Tomme de Savoie a traversé le temps et conquis ses lettres de noblesse. Aujourd’hui, La Tomme de Savoie est toujours fabriquée dans le respect de normes rigoureusement cadrées. Elle reste un fromage au subtil nuance d’arômes, à pâte pressée non cuite. La flore de surface, de couleur grise et avec une odeur de cave, rend ce fromage rustique. Il peut être naturellement fleurie de moisissures de différentes couleurs (jaunes, blanches ou rouges), souvent gages de qualité pour les connaisseurs. Prix au Kilo : 30,50 € (Soit 9,15 € les 300g)",4.56,9.0,9.15,Tomme_Savoie_1_600600.jpg,NULL,NULL,NULL
Tomme de Tarentaise fermière,Vache,Pressée non cuite,https://www.laboitedufromager.com/fromage/tomme-de-tarentaise/,"La Tomme de Tarentaise est un fromage au lait de vache cru et à pâte pressée non cuite. De forme cylindrique plate, légèrement détalonnée, la meule a 4 à 6 cm de hauteur, environ 20 cm de diamètre et pèse entre 1,3 kg et 1,6 kg. Sa croûte emmorgée de couleur grise est couverte de moisissures jaunes ou rouges et parsemée de quelques trous. Sa pâte blanche à jaune pâle est crémeuse. En bouche, la Tomme de Tarentaise révèle un goût rustique et succulent. Au nez, il dégage des arômes complexes de lait et d’herbages. C’est un fromage d’alpage fabriqué en montagne. Son pourcentage de matière grasse est de 24 %. De mai à octobre, les vaches paissent en haute montagne et se nourrissent de plantes. C’est ce qui donne à la Tomme de Tarentaise ses arômes complexes de lait et d’herbages. Fabriquée par la fromagerie Mercier, la Tomme de Tarentaise se conserve à une température de 2 ° à 6 ° C et se consomme 45 jours minimum garantis à réception. Prix au Kilo : 25,90 €/ Kg (Soit 7,77 € les 300g)",4.31,16.0,7.77,tomme-de-tarentaise.jpg,18355150-dd95-4eda-8839-22f9b4c0e8b2,2020-05-11,1.0
Tomme de Tarentaise fermière,Vache,Pressée non cuite,https://www.laboitedufromager.com/fromage/tomme-de-tarentaise/,"La Tomme de Tarentaise est un fromage au lait de vache cru et à pâte pressée non cuite. De forme cylindrique plate, légèrement détalonnée, la meule a 4 à 6 cm de hauteur, environ 20 cm de diamètre et pèse entre 1,3 kg et 1,6 kg. Sa croûte emmorgée de couleur grise est couverte de moisissures jaunes ou rouges et parsemée de quelques trous. Sa pâte blanche à jaune pâle est crémeuse. En bouche, la Tomme de Tarentaise révèle un goût rustique et succulent. Au nez, il dégage des arômes complexes de lait et d’herbages. C’est un fromage d’alpage fabriqué en montagne. Son pourcentage de matière grasse est de 24 %. De mai à octobre, les vaches paissent en haute montagne et se nourrissent de plantes. C’est ce qui donne à la Tomme de Tarentaise ses arômes complexes de lait et d’herbages. Fabriquée par la fromagerie Mercier, la Tomme de Tarentaise se conserve à une température de 2 ° à 6 ° C et se consomme 45 jours minimum garantis à réception. Prix au Kilo : 25,90 €/ Kg (Soit 7,77 € les 300g)",4.31,16.0,7.77,tomme-de-tarentaise.jpg,71c495f0-0648-4ca9-af97-85e7b2c109c8,2020-04-03,1.0
Tomme de Tarentaise fermière,Vache,Pressée non cuite,https://www.laboitedufromager.com/fromage/tomme-de-tarentaise/,"La Tomme de Tarentaise est un fromage au lait de vache cru et à pâte pressée non cuite. De forme cylindrique plate, légèrement détalonnée, la meule a 4 à 6 cm de hauteur, environ 20 cm de diamètre et pèse entre 1,3 kg et 1,6 kg. Sa croûte emmorgée de couleur grise est couverte de moisissures jaunes ou rouges et parsemée de quelques trous. Sa pâte blanche à jaune pâle est crémeuse. En bouche, la Tomme de Tarentaise révèle un goût rustique et succulent. Au nez, il dégage des arômes complexes de lait et d’herbages. C’est un fromage d’alpage fabriqué en montagne. Son pourcentage de matière grasse est de 24 %. De mai à octobre, les vaches paissent en haute montagne et se nourrissent de plantes. C’est ce qui donne à la Tomme de Tarentaise ses arômes complexes de lait et d’herbages. Fabriquée par la fromagerie Mercier, la Tomme de Tarentaise se conserve à une température de 2 ° à 6 ° C et se consomme 45 jours minimum garantis à réception. Prix au Kilo : 25,90 €/ Kg (Soit 7,77 € les 300g)",4.31,16.0,7.77,tomme-de-tarentaise.jpg,6a1029e0-54a0-4886-b9a7-b67a7947c859,2021-05-11,3.0
Tomme de Tarentaise fermière,Vache,Pressée non cuite,https://www.laboitedufromager.com/fromage/tomme-de-tarentaise/,"La Tomme de Tarentaise est un fromage au lait de vache cru et à pâte pressée non cuite. De forme cylindrique plate, légèrement détalonnée, la meule a 4 à 6 cm de hauteur, environ 20 cm de diamètre et pèse entre 1,3 kg et 1,6 kg. Sa croûte emmorgée de couleur grise est couverte de moisissures jaunes ou rouges et parsemée de quelques trous. Sa pâte blanche à jaune pâle est crémeuse. En bouche, la Tomme de Tarentaise révèle un goût rustique et succulent. Au nez, il dégage des arômes complexes de lait et d’herbages. C’est un fromage d’alpage fabriqué en montagne. Son pourcentage de matière grasse est de 24 %. De mai à octobre, les vaches paissent en haute montagne et se nourrissent de plantes. C’est ce qui donne à la Tomme de Tarentaise ses arômes complexes de lait et d’herbages. Fabriquée par la fromagerie Mercier, la Tomme de Tarentaise se conserve à une température de 2 ° à 6 ° C et se consomme 45 jours minimum garantis à réception. Prix au Kilo : 25,90 €/ Kg (Soit 7,77 € les 300g)",4.31,16.0,7.77,tomme-de-tarentaise.jpg,d336e250-69cd-44b0-a18c-bdd6d846591e,2020-08-20,4.0
Tomme de Tarentaise fermière,Vache,Pressée non cuite,https://www.laboitedufromager.com/fromage/tomme-de-tarentaise/,"La Tomme de Tarentaise est un fromage au lait de vache cru et à pâte pressée non cuite. De forme cylindrique plate, légèrement détalonnée, la meule a 4 à 6 cm de hauteur, environ 20 cm de diamètre et pèse entre 1,3 kg et 1,6 kg. Sa croûte emmorgée de couleur grise est couverte de moisissures jaunes ou rouges et parsemée de quelques trous. Sa pâte blanche à jaune pâle est crémeuse. En bouche, la Tomme de Tarentaise révèle un goût rustique et succulent. Au nez, il dégage des arômes complexes de lait et d’herbages. C’est un fromage d’alpage fabriqué en montagne. Son pourcentage de matière grasse est de 24 %. De mai à octobre, les vaches paissent en haute montagne et se nourrissent de plantes. C’est ce qui donne à la Tomme de Tarentaise ses arômes complexes de lait et d’herbages. Fabriquée par la fromagerie Mercier, la Tomme de Tarentaise se conserve à une température de 2 ° à 6 ° C et se consomme 45 jours minimum garantis à réception. Prix au Kilo : 25,90 €/ Kg (Soit 7,77 € les 300g)",4.31,16.0,7.77,tomme-de-tarentaise.jpg,9e19cc51-66be-4246-bd03-5ba6d279389c,2020-10-11,5.0
Tomme de Tauves,Vache,Pressée non cuite,https://www.laboitedufromager.com/fromage/tomme-de-tauves/,"Originaire de la région Auvergne-Rhônes-Alpes, la Tomme de Tauves est un fromage à pâte pressée non cuite fabriqué à partir d’un lait de vache cru. Elle possède une croûte naturelle fine et une pâte crémeuse légèrement acidulée à l’intérieur. Se présentant sous la forme de meules rondes de 220 mm de diamètre, ce fromage pèse entre 130 à 180 gramme. À la dégustation, la Tomme de Tauves révèle un goût particulier. Cette saveur est appréciée par tous les amoureux de bonne gastronomie. Prix au Kilo : 24,50 € (soit 7,35 € les 300g)",4.25,8.0,7.35,tomme-de-tauves_2jl_600600.jpg,806764e3-c639-4fc3-a722-a23325608fb5,2021-03-06,1.0
Tomme de Tauves,Vache,Pressée non cuite,https://www.laboitedufromager.com/fromage/tomme-de-tauves/,"Originaire de la région Auvergne-Rhônes-Alpes, la Tomme de Tauves est un fromage à pâte pressée non cuite fabriqué à partir d’un lait de vache cru. Elle possède une croûte naturelle fine et une pâte crémeuse légèrement acidulée à l’intérieur. Se présentant sous la forme de meules rondes de 220 mm de diamètre, ce fromage pèse entre 130 à 180 gramme. À la dégustation, la Tomme de Tauves révèle un goût particulier. Cette saveur est appréciée par tous les amoureux de bonne gastronomie. Prix au Kilo : 24,50 € (soit 7,35 € les 300g)",4.25,8.0,7.35,tomme-de-tauves_2jl_600600.jpg,95438f07-785a-49b9-8c41-b266fc4ccd35,2021-08-02,3.0
Tomme de Tauves,Vache,Pressée non cuite,https://www.laboitedufromager.com/fromage/tomme-de-tauves/,"Originaire de la région Auvergne-Rhônes-Alpes, la Tomme de Tauves est un fromage à pâte pressée non cuite fabriqué à partir d’un lait de vache cru. Elle possède une croûte naturelle fine et une pâte crémeuse légèrement acidulée à l’intérieur. Se présentant sous la forme de meules rondes de 220 mm de diamètre, ce fromage pèse entre 130 à 180 gramme. À la dégustation, la Tomme de Tauves révèle un goût particulier. Cette saveur est appréciée par tous les amoureux de bonne gastronomie. Prix au Kilo : 24,50 € (soit 7,35 € les 300g)",4.25,8.0,7.35,tomme-de-tauves_2jl_600600.jpg,86a80ea0-5ce0-4076-b936-221cdcdac90f,2020-09-24,4.0
Tomme de vache au Muscadet,Vache,Pressée non cuite,https://www.laboitedufromager.com/fromage/tomme-de-vache-au-muscadet/,"La Tomme de Vache au muscadet est un Fromage affiné à pâte pressée non cuite au lait pasteurisé de Vache. Prix au Kilo : 23 € (Soit 6,90 € les 300g)",3.1,10.0,6.9,Tomme_Vache_Muscadet_600600.jpg,96aa2dbf-4fe1-4fb8-830c-984a2ed1a85c,2021-08-07,4.0
Tomme de vache au Muscadet,Vache,Pressée non cuite,https://www.laboitedufromager.com/fromage/tomme-de-vache-au-muscadet/,"La Tomme de Vache au muscadet est un Fromage affiné à pâte pressée non cuite au lait pasteurisé de Vache. Prix au Kilo : 23 € (Soit 6,90 € les 300g)",3.1,10.0,6.9,Tomme_Vache_Muscadet_600600.jpg,04649f7d-4649-4f2b-a3db-93d85f1f2beb,2021-11-13,4.0
Tomme de vache du Béarn,Vache,Pressée non cuite,https://www.laboitedufromager.com/fromage/tomme-de-vache-des-pyrenees/,"La Tomme de Vache du Béarn est un Fromage affiné à pâte pressée non cuite au lait cru de Vache. Prix au Kilo : 23 € (Soit 6,90 € les 300g)",4.2,5.0,6.9,Tomme_Bearn_1-OK_600600.jpg,f33beba4-30a5-4d23-aa79-25c674795837,2021-08-15,5.0
Tomme de vache du Béarn,Vache,Pressée non cuite,https://www.laboitedufromager.com/fromage/tomme-de-vache-des-pyrenees/,"La Tomme de Vache du Béarn est un Fromage affiné à pâte pressée non cuite au lait cru de Vache. Prix au Kilo : 23 € (Soit 6,90 € les 300g)",4.2,5.0,6.9,Tomme_Bearn_1-OK_600600.jpg,381a5dd6-cfe6-4836-9659-76fdecf82b96,2021-11-06,5.0
Tomme de vache du Béarn,Vache,Pressée non cuite,https://www.laboitedufromager.com/fromage/tomme-de-vache-des-pyrenees/,"La Tomme de Vache du Béarn est un Fromage affiné à pâte pressée non cuite au lait cru de Vache. Prix au Kilo : 23 € (Soit 6,90 € les 300g)",4.2,5.0,6.9,Tomme_Bearn_1-OK_600600.jpg,4f75c8ed-cf0f-4dde-88a7-bbf2644e44fd,2021-05-20,3.0
Tomme de vache du Béarn,Vache,Pressée non cuite,https://www.laboitedufromager.com/fromage/tomme-de-vache-des-pyrenees/,"La Tomme de Vache du Béarn est un Fromage affiné à pâte pressée non cuite au lait cru de Vache. Prix au Kilo : 23 € (Soit 6,90 € les 300g)",4.2,5.0,6.9,Tomme_Bearn_1-OK_600600.jpg,d53118f8-7fef-41eb-a1f2-049966efd0c8,2020-08-31,5.0
Tomme de vache du Béarn,Vache,Pressée non cuite,https://www.laboitedufromager.com/fromage/tomme-de-vache-des-pyrenees/,"La Tomme de Vache du Béarn est un Fromage affiné à pâte pressée non cuite au lait cru de Vache. Prix au Kilo : 23 € (Soit 6,90 € les 300g)",4.2,5.0,6.9,Tomme_Bearn_1-OK_600600.jpg,2d2ca111-2d23-405e-95cf-43e67338a500,2021-03-09,4.0
Tomme de Yenne,Vache,Pressée non cuite,https://www.laboitedufromager.com/fromage/tomme-de-yenne/,NULL,3.57,14.0,7.35,tomme-de-yenne.jpg,7065c2ac-b727-429c-94ea-40c4b06034ce,2021-09-08,4.0
Tomme des Allobroges,Vache,Pressée non cuite,https://www.laboitedufromager.com/fromage/tomme-des-allobroges/,"Le nom de la Tomme des Allobroges provient d’un peuple gaulois de la région. Ce fromage à pâte pressée non cuite est fermier car fabriqué avec le lait des vaches de la ferme. Prix au Kilo : 29 €/ Kg (Soit 8,70€ les 300g)",4.53,15.0,8.7,Tomme_Allobroges2_500500.jpg,bd657deb-4167-46a5-98d4-cf95d13c1dfa,2020-05-09,1.0
Tomme des Allobroges,Vache,Pressée non cuite,https://www.laboitedufromager.com/fromage/tomme-des-allobroges/,"Le nom de la Tomme des Allobroges provient d’un peuple gaulois de la région. Ce fromage à pâte pressée non cuite est fermier car fabriqué avec le lait des vaches de la ferme. Prix au Kilo : 29 €/ Kg (Soit 8,70€ les 300g)",4.53,15.0,8.7,Tomme_Allobroges2_500500.jpg,40690993-01f8-47a3-857b-8f4bade81cf9,2021-04-14,1.0
Tomme des Chouans,Vache,Pressée non cuite,https://www.laboitedufromager.com/fromage/tomme-des-chouans/,"La Tomme des Chouans est un fromage élaboré à partir de lait pasteurisé de vache. Présentée sous forme d’une meule cylindrique, elle se caractérise par sa pâte pressée non cuite et sa croûte striée. En outre, elle contient 23 % de matières grasses. Sa durée d’affinage est de deux mois minimum. En bouche, sa pâte se montre souple et moelleuse. Son goût, quant à lui, est assez délicat et révèle des arômes légers et lactiques. Pour apprécier pleinement sa saveur, ce produit est à déguster dans les premiers fromages. Originaire du département de la Vendée en région Pays de la Loire, la Tomme des Chouans est fabriquée par l’Union Laitière de la Venise Verte. Il s’agit d’une coopérative agricole indépendante située à Maillezais, au cœur du Marais Poitevin, entre Fontenay-le-Comte, Niort et La Rochelle. Prix au Kilo : 24,50 € / Kg (soit 7,35 € les 300g)",NULL,NULL,7.35,tomme-des-chouans.jpg,NULL,NULL,NULL
Tomme du Berry demi-vieille,Vache,Pressée non cuite,https://www.laboitedufromager.com/fromage/tomme-du-berry-demi-vieille/,"La Tomme du Berry demi-vieille est un fromage du Centre. Il s’agit d’un fromage à pâte pressée non cuite. Prix au Kilo : 29€ / Kg (Soit 8,70€ les 300g)",4.0,2.0,8.7,Tomme-du-Berry-demi-vieille_JL_600600.jpg,13f621c7-ae9a-4a13-b443-2b3826c788d7,2020-01-06,2.0
Tomme du Berry demi-vieille,Vache,Pressée non cuite,https://www.laboitedufromager.com/fromage/tomme-du-berry-demi-vieille/,"La Tomme du Berry demi-vieille est un fromage du Centre. Il s’agit d’un fromage à pâte pressée non cuite. Prix au Kilo : 29€ / Kg (Soit 8,70€ les 300g)",4.0,2.0,8.7,Tomme-du-Berry-demi-vieille_JL_600600.jpg,d7c867c5-5fb2-4866-a54d-ee0f2e0b4462,2020-09-19,5.0
Tomme du Berry demi-vieille,Vache,Pressée non cuite,https://www.laboitedufromager.com/fromage/tomme-du-berry-demi-vieille/,"La Tomme du Berry demi-vieille est un fromage du Centre. Il s’agit d’un fromage à pâte pressée non cuite. Prix au Kilo : 29€ / Kg (Soit 8,70€ les 300g)",4.0,2.0,8.7,Tomme-du-Berry-demi-vieille_JL_600600.jpg,3e45ebff-4d3d-41ef-bd23-7f0a361fb3b7,2020-07-29,5.0
Tomme du Jura,Vache,Pressée non cuite,https://www.laboitedufromager.com/fromage/tomme-du-jura/,"La Tomme du Jura est un fromage à pâte pressée non cuite de Franche-Comté, idéal pour partager un moment convivial, autour d’une raclette ! Prix au Kilo : 21€ / Kg (Soit 6,30€ les 300g)",4.14,36.0,6.3,Tomme-Jura_2_OK_600600.jpg,ed197026-483c-45f1-a106-edee8fc43916,2020-12-30,5.0
Tomme du Jura,Vache,Pressée non cuite,https://www.laboitedufromager.com/fromage/tomme-du-jura/,"La Tomme du Jura est un fromage à pâte pressée non cuite de Franche-Comté, idéal pour partager un moment convivial, autour d’une raclette ! Prix au Kilo : 21€ / Kg (Soit 6,30€ les 300g)",4.14,36.0,6.3,Tomme-Jura_2_OK_600600.jpg,4546201f-7942-4d93-bea9-3d03a083fb8d,2020-09-09,5.0
Tomme du Jura Rième,Vache,Pressée non cuite,https://www.laboitedufromager.com/fromage/tomme-du-jura-rieme/,"La Tomme du Jura Rième est un fromage à pâte pressée non cuite de Franche-Comté, idéal pour pour une raclette ! Prix au Kilo : 21€ / Kg (Soit 6,30€ les 300g)",4.5,2.0,6.3,Tomme-du-Jura-Rieme_JL2_600600.jpg,8f5955f9-0613-4a77-b12e-1a41f56e2953,2021-07-03,1.0
Tomme du Jura Rième,Vache,Pressée non cuite,https://www.laboitedufromager.com/fromage/tomme-du-jura-rieme/,"La Tomme du Jura Rième est un fromage à pâte pressée non cuite de Franche-Comté, idéal pour pour une raclette ! Prix au Kilo : 21€ / Kg (Soit 6,30€ les 300g)",4.5,2.0,6.3,Tomme-du-Jura-Rieme_JL2_600600.jpg,62124c1d-af00-4d84-ac88-8cd0bab9d846,2021-05-16,1.0
Tomme du Limousin,Vache,Pressée non cuite,NULL,NULL,NULL,NULL,NULL,NULL,e6ecd5ea-a593-4a0c-94d9-8551981f46fa,2021-09-06,3.0
Tomme du Limousin,Vache,Pressée non cuite,NULL,NULL,NULL,NULL,NULL,NULL,3ffeb29b-9dd3-49e0-98a4-250793cb9886,2021-04-07,3.0
Tomme du Limousin,Vache,Pressée non cuite,NULL,NULL,NULL,NULL,NULL,NULL,663a6b67-e855-499e-8902-5a878ed7e2db,2020-06-18,1.0
Tomme du Limousin,Vache,Pressée non cuite,NULL,NULL,NULL,NULL,NULL,NULL,2d179c5a-4717-4e96-a363-41539597fa56,2020-04-19,2.0
Tomme du Mont Jura,Vache,Pressée non cuite,https://www.laboitedufromager.com/fromage/tomme-du-mont-jura/,"La Tomme du Mont-Jura est un fromage à pâte pressée cuite du Doubs, idéal pour pour une raclette ! Prix au Kilo : 21€ / Kg (Soit 6,30€ les 300g)",5.0,1.0,6.3,Tomme_Jura_rieme_600600.jpg,aef071f9-38e5-4fd8-b6c7-e070b48a9ddc,2021-09-15,4.0
Tomme du Mont Jura,Vache,Pressée non cuite,https://www.laboitedufromager.com/fromage/tomme-du-mont-jura/,"La Tomme du Mont-Jura est un fromage à pâte pressée cuite du Doubs, idéal pour pour une raclette ! Prix au Kilo : 21€ / Kg (Soit 6,30€ les 300g)",5.0,1.0,6.3,Tomme_Jura_rieme_600600.jpg,87f80cfd-66fb-45d3-b487-fea512213773,2021-11-04,1.0
Tomme fermière,Vache,Pressée non cuite,https://www.laboitedufromager.com/fromage/tomme-fermiere/,"La Tomme fermière de la fromagerie Schmidhauser est un fromage à pâte pressée non cuite fabriqué en Haute Savoie. Ce fromage est proche de la Tomme des Allobroges. Si vous avez apprécié ce fromage, vous allez adorer cette tomme ! Prix au Kilo : 26 € (Soit 6,50€ les 250g)",4.12,26.0,6.5,Tomme-fermiere_Schmidhauser_JL4_600600.jpg,6535706b-e480-4377-8364-5925243585d6,2021-08-10,2.0
Tomme fermière,Vache,Pressée non cuite,https://www.laboitedufromager.com/fromage/tomme-fermiere/,"La Tomme fermière de la fromagerie Schmidhauser est un fromage à pâte pressée non cuite fabriqué en Haute Savoie. Ce fromage est proche de la Tomme des Allobroges. Si vous avez apprécié ce fromage, vous allez adorer cette tomme ! Prix au Kilo : 26 € (Soit 6,50€ les 250g)",4.12,26.0,6.5,Tomme-fermiere_Schmidhauser_JL4_600600.jpg,9c4fcc6d-f150-4843-af85-7deefcd560f7,2021-06-13,2.0
Tomme fermière,Vache,Pressée non cuite,https://www.laboitedufromager.com/fromage/tomme-fermiere/,"La Tomme fermière de la fromagerie Schmidhauser est un fromage à pâte pressée non cuite fabriqué en Haute Savoie. Ce fromage est proche de la Tomme des Allobroges. Si vous avez apprécié ce fromage, vous allez adorer cette tomme ! Prix au Kilo : 26 € (Soit 6,50€ les 250g)",4.12,26.0,6.5,Tomme-fermiere_Schmidhauser_JL4_600600.jpg,7b54ab59-cf5a-41c5-b4c3-ea2788a4267c,2020-02-12,1.0
Tomme fermière,Vache,Pressée non cuite,https://www.laboitedufromager.com/fromage/tomme-fermiere/,"La Tomme fermière de la fromagerie Schmidhauser est un fromage à pâte pressée non cuite fabriqué en Haute Savoie. Ce fromage est proche de la Tomme des Allobroges. Si vous avez apprécié ce fromage, vous allez adorer cette tomme ! Prix au Kilo : 26 € (Soit 6,50€ les 250g)",4.12,26.0,6.5,Tomme-fermiere_Schmidhauser_JL4_600600.jpg,33afe034-6b22-44db-8457-79b286d850eb,2020-02-01,3.0
Tomme fermière,Vache,Pressée non cuite,https://www.laboitedufromager.com/fromage/tomme-fermiere/,"La Tomme fermière de la fromagerie Schmidhauser est un fromage à pâte pressée non cuite fabriqué en Haute Savoie. Ce fromage est proche de la Tomme des Allobroges. Si vous avez apprécié ce fromage, vous allez adorer cette tomme ! Prix au Kilo : 26 € (Soit 6,50€ les 250g)",4.12,26.0,6.5,Tomme-fermiere_Schmidhauser_JL4_600600.jpg,1da52e02-8922-4f43-945c-96f42f81ab58,2021-02-14,2.0
Tomme fermière,Vache,Pressée non cuite,https://www.laboitedufromager.com/fromage/tomme-fermiere/,"La Tomme fermière de la fromagerie Schmidhauser est un fromage à pâte pressée non cuite fabriqué en Haute Savoie. Ce fromage est proche de la Tomme des Allobroges. Si vous avez apprécié ce fromage, vous allez adorer cette tomme ! Prix au Kilo : 26 € (Soit 6,50€ les 250g)",4.12,26.0,6.5,Tomme-fermiere_Schmidhauser_JL4_600600.jpg,c27d98df-ce89-41e3-924d-8db0cab3abf6,2021-09-27,2.0
Tomme fermière ancestrale,Vache,Pressée non cuite,https://www.laboitedufromager.com/fromage/tomme-ancestrale/,"La Tomme ancestrale est un fromage à pâte pressée non cuite fermier car fabriqué avec le lait des vaches de la ferme. Prix au Kilo : 26,90 €/ Kg (Soit 8,07€ les 300g)",4.67,3.0,8.07,18_Tomme-ancestrale_600600.jpg,7d4a3635-ea34-4917-bb26-023f02416e59,2020-07-07,5.0
Tomme fermière ancestrale,Vache,Pressée non cuite,https://www.laboitedufromager.com/fromage/tomme-ancestrale/,"La Tomme ancestrale est un fromage à pâte pressée non cuite fermier car fabriqué avec le lait des vaches de la ferme. Prix au Kilo : 26,90 €/ Kg (Soit 8,07€ les 300g)",4.67,3.0,8.07,18_Tomme-ancestrale_600600.jpg,b69f0504-eae7-4fbe-84ec-639289d116f7,2021-08-18,3.0
Tomme fermière aux fleurs,Vache,Pressée non cuite,https://www.laboitedufromager.com/fromage/tomme-fermiere-aux-fleurs-de-printemps/,"La Tomme fermière aux fleurs de printemps est un fromage fabriqué en Alsace, à pâte pressée non cuite. Prix au Kilo : 29,90 € (Soit 8,97€ les 300g)",2.78,9.0,8.97,Tommette-fermiere-fleurs_600600.png,bd1c7259-f042-44e0-9a75-564715ab49cd,2020-09-15,3.0
Tomme fermière aux fleurs,Vache,Pressée non cuite,https://www.laboitedufromager.com/fromage/tomme-fermiere-aux-fleurs-de-printemps/,"La Tomme fermière aux fleurs de printemps est un fromage fabriqué en Alsace, à pâte pressée non cuite. Prix au Kilo : 29,90 € (Soit 8,97€ les 300g)",2.78,9.0,8.97,Tommette-fermiere-fleurs_600600.png,2bf405f6-6882-4e3a-8bd4-e39423993f09,2021-02-09,1.0
Tomme fermière aux orties,Vache,Pressée non cuite,https://www.laboitedufromager.com/fromage/tomme-fermiere-aux-orties/,"La Tomme Fermière aux orties est un Fromage affiné à pâte pressée non cuite au lait cru de Vache. Prix au Kilo : 23 € (Soit 6,90 € les 300g)",3.33,6.0,6.9,7-tomme-fermiere-aux-orties.jpg,b4b26c48-801c-455d-8387-216319051624,2020-02-04,1.0
Tomme fermière d’Alpage céronnée,Vache,Pressée non cuite,https://www.laboitedufromager.com/fromage/tomme-fermiere-dalpage/,"La Tomme Fermière d’Alpage céronnée est un fromage au lait cru de vache, à pâte pressée non cuite. Elle est céronnée, ce qui donne la texture “poussiéreuse” de la Tomme. Prix au Kilo : 25,70 € (Soit 7,70 € les 300g)",3.36,14.0,7.7,tomme4_600600.jpg,83b12235-733c-49a9-b6a9-2ac526538e89,2020-12-20,1.0
Tomme fermière d’Alpage céronnée,Vache,Pressée non cuite,https://www.laboitedufromager.com/fromage/tomme-fermiere-dalpage/,"La Tomme Fermière d’Alpage céronnée est un fromage au lait cru de vache, à pâte pressée non cuite. Elle est céronnée, ce qui donne la texture “poussiéreuse” de la Tomme. Prix au Kilo : 25,70 € (Soit 7,70 € les 300g)",3.36,14.0,7.7,tomme4_600600.jpg,97821bef-58b1-4c7d-9c9e-3f4adefb66c2,2021-10-17,1.0
Tomme fermière d’Alpage céronnée,Vache,Pressée non cuite,https://www.laboitedufromager.com/fromage/tomme-fermiere-dalpage/,"La Tomme Fermière d’Alpage céronnée est un fromage au lait cru de vache, à pâte pressée non cuite. Elle est céronnée, ce qui donne la texture “poussiéreuse” de la Tomme. Prix au Kilo : 25,70 € (Soit 7,70 € les 300g)",3.36,14.0,7.7,tomme4_600600.jpg,2ca5c77c-49bd-47ff-9988-fcc0f9326f7c,2020-06-01,4.0
Tomme fermière d’Alpage céronnée,Vache,Pressée non cuite,https://www.laboitedufromager.com/fromage/tomme-fermiere-dalpage/,"La Tomme Fermière d’Alpage céronnée est un fromage au lait cru de vache, à pâte pressée non cuite. Elle est céronnée, ce qui donne la texture “poussiéreuse” de la Tomme. Prix au Kilo : 25,70 € (Soit 7,70 € les 300g)",3.36,14.0,7.7,tomme4_600600.jpg,4db9ac60-04c9-4cae-91c9-e756f3521698,2020-02-19,1.0
Tomme fermière de Montagne,Vache,Pressée non cuite,https://www.laboitedufromager.com/fromage/tomme-fermiere-de-montagne/,"La Tomme fermière Montagne d’Auvergne est un fromage à pâte pressée non cuite fabriqué par la fromagerie Marcel CHARRADE. Ce fromage est proche du St-Nectaire. Si vous avez apprécié ce fromage, vous allez adorer cette tomme ! Prix au Kilo : 26 € (Soit 7,80€ les 300g)",3.54,13.0,7.8,Tomme-Montagne-Auvergne_JL2_600600.jpg,d9eebada-ce4c-43e8-9ce8-978337b19df3,2021-08-04,2.0
Tomme fermière du pigeon blanc,Chèvre,Pressée non cuite,https://www.laboitedufromager.com/fromage/tomme-fermiere-du-pigeon-blanc/,"La tomme fermière du Pigeon Blanc est un fromage au lait cru de vache, à pâte pressée non cuite, recouvert d’une croûte naturelle . Sa teneur minimale en matière grasse est de 45%. Elle se présente sous la forme d’une tomme pesant en moyenne 2.5 kg. Prix au Kilo : 24,90 € (soit 5€ les 200g)",5.0,2.0,5.0,Tomme-Pigeon-Blanc600600.jpg,26312403-a66d-4b21-ba45-97d1d2b5ab3e,2021-12-04,1.0
Tomme fermière du pigeon blanc,Chèvre,Pressée non cuite,https://www.laboitedufromager.com/fromage/tomme-fermiere-du-pigeon-blanc/,"La tomme fermière du Pigeon Blanc est un fromage au lait cru de vache, à pâte pressée non cuite, recouvert d’une croûte naturelle . Sa teneur minimale en matière grasse est de 45%. Elle se présente sous la forme d’une tomme pesant en moyenne 2.5 kg. Prix au Kilo : 24,90 € (soit 5€ les 200g)",5.0,2.0,5.0,Tomme-Pigeon-Blanc600600.jpg,531d6052-f7ea-43b9-bfce-081c95f7336e,2021-02-19,5.0
Tomme fermière du pigeon blanc,Chèvre,Pressée non cuite,https://www.laboitedufromager.com/fromage/tomme-fermiere-du-pigeon-blanc/,"La tomme fermière du Pigeon Blanc est un fromage au lait cru de vache, à pâte pressée non cuite, recouvert d’une croûte naturelle . Sa teneur minimale en matière grasse est de 45%. Elle se présente sous la forme d’une tomme pesant en moyenne 2.5 kg. Prix au Kilo : 24,90 € (soit 5€ les 200g)",5.0,2.0,5.0,Tomme-Pigeon-Blanc600600.jpg,d5cca870-79ab-4e67-80f1-e0b6d6f7d3a0,2020-05-03,2.0
Tomme fermière du pigeon blanc,Chèvre,Pressée non cuite,https://www.laboitedufromager.com/fromage/tomme-fermiere-du-pigeon-blanc/,"La tomme fermière du Pigeon Blanc est un fromage au lait cru de vache, à pâte pressée non cuite, recouvert d’une croûte naturelle . Sa teneur minimale en matière grasse est de 45%. Elle se présente sous la forme d’une tomme pesant en moyenne 2.5 kg. Prix au Kilo : 24,90 € (soit 5€ les 200g)",5.0,2.0,5.0,Tomme-Pigeon-Blanc600600.jpg,c5413101-82dc-4e2f-ae48-7918ea44baf3,2020-04-02,4.0
Tomme fermière du pigeon blanc,Chèvre,Pressée non cuite,https://www.laboitedufromager.com/fromage/tomme-fermiere-du-pigeon-blanc/,"La tomme fermière du Pigeon Blanc est un fromage au lait cru de vache, à pâte pressée non cuite, recouvert d’une croûte naturelle . Sa teneur minimale en matière grasse est de 45%. Elle se présente sous la forme d’une tomme pesant en moyenne 2.5 kg. Prix au Kilo : 24,90 € (soit 5€ les 200g)",5.0,2.0,5.0,Tomme-Pigeon-Blanc600600.jpg,6ab3b903-4914-4736-bb3c-6eb1606029b5,2020-01-26,1.0
Tomme fermière Savoyarde,Vache,Pressée non cuite,https://www.laboitedufromager.com/fromage/tomme-fermiere-savoyarde/,"La Tomme fermière est un fromage à pâte pressée non cuite. Prix au Kilo : 26 € (Soit 6,50€ les 250g)",3.88,8.0,6.5,Tomme-savoyarde_2_600600.jpg,ae595d6e-97ac-4fd6-8488-9a5c872202a4,2021-02-06,5.0
Tomme fumée,Vache,Pressée non cuite,https://www.laboitedufromager.com/fromage/tomme-fumee/,"La Tomme Fumée est un fromage de Savoie, idéal pour partager un moment convivial. Prix au Kilo : 22,90€ / Kg (Soit 5,73€ les 250g)",2.73,11.0,5.73,Tomme-fume_2_OK_600600.jpg,9ca12298-d90a-4087-9735-69a18b9a1005,2020-07-04,4.0
Tomme fumée,Vache,Pressée non cuite,https://www.laboitedufromager.com/fromage/tomme-fumee/,"La Tomme Fumée est un fromage de Savoie, idéal pour partager un moment convivial. Prix au Kilo : 22,90€ / Kg (Soit 5,73€ les 250g)",2.73,11.0,5.73,Tomme-fume_2_OK_600600.jpg,ec96684f-a847-4a26-8f8b-09a66fd7f1a7,2021-11-13,4.0
Tomme Kaïkou,Vache,Pressée non cuite,https://www.laboitedufromager.com/fromage/tomme-kaikou/,"La Tomme de Brebis Kaïkou est un Fromage affiné à pâte pressée non cuite au lait pasteurisé de Brebis. Prix au Kilo : 32 € (Soit 9,60 € les 300g)",3.92,12.0,9.6,Tomme-de-brebis-Kaikou_JL1_600600.jpg,5e4bda3e-5015-4d84-b155-780048b86245,2020-10-19,2.0
Tomme Kaïkou,Vache,Pressée non cuite,https://www.laboitedufromager.com/fromage/tomme-kaikou/,"La Tomme de Brebis Kaïkou est un Fromage affiné à pâte pressée non cuite au lait pasteurisé de Brebis. Prix au Kilo : 32 € (Soit 9,60 € les 300g)",3.92,12.0,9.6,Tomme-de-brebis-Kaikou_JL1_600600.jpg,f4e4be1f-1a29-4a56-b47b-e48c31050537,2021-12-20,5.0
Tomme Kaïkou,Vache,Pressée non cuite,https://www.laboitedufromager.com/fromage/tomme-kaikou/,"La Tomme de Brebis Kaïkou est un Fromage affiné à pâte pressée non cuite au lait pasteurisé de Brebis. Prix au Kilo : 32 € (Soit 9,60 € les 300g)",3.92,12.0,9.6,Tomme-de-brebis-Kaikou_JL1_600600.jpg,92aa8917-2ed6-48da-abe6-1e020d38c0f1,2020-06-09,5.0
Tomme mixte Chèvre-Brebis,Chèvre Brebis,Pressée non cuite,https://www.laboitedufromager.com/fromage/mixte-chevre-brebis/,"Le Kukulu est un fromage mixte Chèvre-Brebis, fabriqué dans le pays Basque. C’est un fromage à pâte pressée non cuite. Prix au Kilo : 32,90 € (Soit 9,87 € les 300g)",3.5,6.0,9.87,Kukulu-Vieux_600600.jpg,fd22cf92-de60-4569-af4f-aff490f4c923,2021-03-25,3.0
Tomme mixte Chèvre-Brebis,Chèvre Brebis,Pressée non cuite,https://www.laboitedufromager.com/fromage/mixte-chevre-brebis/,"Le Kukulu est un fromage mixte Chèvre-Brebis, fabriqué dans le pays Basque. C’est un fromage à pâte pressée non cuite. Prix au Kilo : 32,90 € (Soit 9,87 € les 300g)",3.5,6.0,9.87,Kukulu-Vieux_600600.jpg,31cb7f2f-5c74-4e33-acfd-999ba67e6ea6,2021-12-04,2.0
Tomme mixte Chèvre-Brebis,Chèvre Brebis,Pressée non cuite,https://www.laboitedufromager.com/fromage/mixte-chevre-brebis/,"Le Kukulu est un fromage mixte Chèvre-Brebis, fabriqué dans le pays Basque. C’est un fromage à pâte pressée non cuite. Prix au Kilo : 32,90 € (Soit 9,87 € les 300g)",3.5,6.0,9.87,Kukulu-Vieux_600600.jpg,1adbed84-33ca-4e64-9e75-f0fb943f71b0,2021-07-24,1.0
Tomme mixte Vache-Brebis du Béarn,Vache Brebis,Pressée non cuite,https://www.laboitedufromager.com/fromage/tomme-mixte-des-pyrenees/,"La Tomme Mixte des Pyrénées est un fromage affiné à pâte pressée non cuite au lait cru de Vache et de Brebis. Prix au Kilo : 29 € / Kg (Soit 8,70 € les 300g)",4.33,9.0,8.7,Mixte_OK_600600.jpg,8c92a921-9aed-42b7-b753-4d9156d7dcd9,2021-05-22,4.0
Tomme mixte Vache-Brebis du Béarn,Vache Brebis,Pressée non cuite,https://www.laboitedufromager.com/fromage/tomme-mixte-des-pyrenees/,"La Tomme Mixte des Pyrénées est un fromage affiné à pâte pressée non cuite au lait cru de Vache et de Brebis. Prix au Kilo : 29 € / Kg (Soit 8,70 € les 300g)",4.33,9.0,8.7,Mixte_OK_600600.jpg,efdffdb0-eb31-4a8c-90bc-7df12de1008a,2020-04-16,3.0
Tomme mixte Vache-Brebis du Béarn,Vache Brebis,Pressée non cuite,https://www.laboitedufromager.com/fromage/tomme-mixte-des-pyrenees/,"La Tomme Mixte des Pyrénées est un fromage affiné à pâte pressée non cuite au lait cru de Vache et de Brebis. Prix au Kilo : 29 € / Kg (Soit 8,70 € les 300g)",4.33,9.0,8.7,Mixte_OK_600600.jpg,83413520-40a8-4de4-a17b-08d8a8e845a1,2020-05-01,3.0
Tomme mixte Vache-Brebis du Béarn,Vache Brebis,Pressée non cuite,https://www.laboitedufromager.com/fromage/tomme-mixte-des-pyrenees/,"La Tomme Mixte des Pyrénées est un fromage affiné à pâte pressée non cuite au lait cru de Vache et de Brebis. Prix au Kilo : 29 € / Kg (Soit 8,70 € les 300g)",4.33,9.0,8.7,Mixte_OK_600600.jpg,dfdbc394-23c3-4a54-8753-5c35123c11fc,2021-12-28,3.0
Tomme mixte Vache-Brebis du Béarn,Vache Brebis,Pressée non cuite,https://www.laboitedufromager.com/fromage/tomme-mixte-des-pyrenees/,"La Tomme Mixte des Pyrénées est un fromage affiné à pâte pressée non cuite au lait cru de Vache et de Brebis. Prix au Kilo : 29 € / Kg (Soit 8,70 € les 300g)",4.33,9.0,8.7,Mixte_OK_600600.jpg,5d6584bc-d067-47e7-82e1-d3fa97e5af76,2021-05-20,1.0
Tomme mixte Vache-Brebis du Béarn,Vache Brebis,Pressée non cuite,https://www.laboitedufromager.com/fromage/tomme-mixte-des-pyrenees/,"La Tomme Mixte des Pyrénées est un fromage affiné à pâte pressée non cuite au lait cru de Vache et de Brebis. Prix au Kilo : 29 € / Kg (Soit 8,70 € les 300g)",4.33,9.0,8.7,Mixte_OK_600600.jpg,7e85fb37-7f34-474b-a0a2-5e81799d09b6,2020-09-10,2.0
Tomme Piémontaise,Vache,Pressée non cuite,https://www.laboitedufromager.com/fromage/tomme-piemontaise/,"La Tomme piémontaise est un fromage à pâte pressée non cuite fabriquée à base de lait de vache. Prix au Kilo : 19,90 €/ Kg (Soit 5,97€ les 300g)",4.07,14.0,5.97,Tomme_Piemontaise_1_JL_600600.jpg,6647a0f9-5a6b-46ea-8a9f-1a2765671b0e,2021-06-23,4.0
Tomme tradition au Poivre,Vache,Pressée non cuite,https://www.laboitedufromager.com/fromage/tomme-tradition-poivre/,"La tomme tradition au poivre est un fromage au lait pasteurisé de vache, à pâte pressée non cuite. Sa teneur en matière grasse est de 31%. Prix au Kilo : 24,90 € (soit 7,47€ pour 300g)",4.5,4.0,7.47,Tomme-Tradition_Poivre_2JL_600600.jpg,0326c41f-b933-49b3-bdfa-16c088210034,2021-07-23,4.0
Tomme tradition au Poivre,Vache,Pressée non cuite,https://www.laboitedufromager.com/fromage/tomme-tradition-poivre/,"La tomme tradition au poivre est un fromage au lait pasteurisé de vache, à pâte pressée non cuite. Sa teneur en matière grasse est de 31%. Prix au Kilo : 24,90 € (soit 7,47€ pour 300g)",4.5,4.0,7.47,Tomme-Tradition_Poivre_2JL_600600.jpg,567d2a87-88d7-4bbc-b1d1-9146ce4cf9c5,2020-05-24,5.0
Tomme tradition au Poivre,Vache,Pressée non cuite,https://www.laboitedufromager.com/fromage/tomme-tradition-poivre/,"La tomme tradition au poivre est un fromage au lait pasteurisé de vache, à pâte pressée non cuite. Sa teneur en matière grasse est de 31%. Prix au Kilo : 24,90 € (soit 7,47€ pour 300g)",4.5,4.0,7.47,Tomme-Tradition_Poivre_2JL_600600.jpg,ba27af4d-b030-4f92-9fe4-d2956631cd5e,2021-04-12,4.0
Tomme tradition au Poivre,Vache,Pressée non cuite,https://www.laboitedufromager.com/fromage/tomme-tradition-poivre/,"La tomme tradition au poivre est un fromage au lait pasteurisé de vache, à pâte pressée non cuite. Sa teneur en matière grasse est de 31%. Prix au Kilo : 24,90 € (soit 7,47€ pour 300g)",4.5,4.0,7.47,Tomme-Tradition_Poivre_2JL_600600.jpg,d0d96acc-f557-432c-af9d-1a62c9ce1fff,2021-03-30,4.0
Tommette bleue de Brebis,Brebis,Persillée,https://www.laboitedufromager.com/fromage/tommette-bleue-de-brebis/,"La tommette bleue de brebis est un fromage au lait de brebis thermisé, à pâte persillée, provenant de Loire Atlantique. Prix au Kilo : 29,10 € / Kg (Soit 7,28 € les 250g)",5.0,3.0,7.28,Tommette-bleue-de-brebis_2JLM_600600.jpg,32a2bd28-51fc-4b24-9abb-8bd69d064300,2020-12-15,3.0
Tommette bleue de Brebis,Brebis,Persillée,https://www.laboitedufromager.com/fromage/tommette-bleue-de-brebis/,"La tommette bleue de brebis est un fromage au lait de brebis thermisé, à pâte persillée, provenant de Loire Atlantique. Prix au Kilo : 29,10 € / Kg (Soit 7,28 € les 250g)",5.0,3.0,7.28,Tommette-bleue-de-brebis_2JLM_600600.jpg,c7411b89-6501-48a3-9614-92cb5f2daf7b,2021-08-31,4.0
Tommette de Chèvre de Savoie,Chèvre,Pressée non cuite,https://www.laboitedufromager.com/fromage/tommette-de-chevre-laitiere-de-savoie/,"La Tommette de chèvre de Savoie est un fromage au lait cru de Chèvre. Prix au Kilo : 32 € (Soit 11,20€ la 1/2 Tommette, soit environ 350g)",3.88,8.0,11.2,Tommette_chevre_savoie_JLM_600600.jpg,6e9ab6e7-1536-466c-88e8-3a616803b424,2021-05-16,4.0
Tommette de Chèvre de Savoie,Chèvre,Pressée non cuite,https://www.laboitedufromager.com/fromage/tommette-de-chevre-laitiere-de-savoie/,"La Tommette de chèvre de Savoie est un fromage au lait cru de Chèvre. Prix au Kilo : 32 € (Soit 11,20€ la 1/2 Tommette, soit environ 350g)",3.88,8.0,11.2,Tommette_chevre_savoie_JLM_600600.jpg,b3f6a0d9-fe82-45a9-b3d0-1b9c3564119d,2020-05-12,4.0
Tommette de Chèvre de Savoie,Chèvre,Pressée non cuite,https://www.laboitedufromager.com/fromage/tommette-de-chevre-laitiere-de-savoie/,"La Tommette de chèvre de Savoie est un fromage au lait cru de Chèvre. Prix au Kilo : 32 € (Soit 11,20€ la 1/2 Tommette, soit environ 350g)",3.88,8.0,11.2,Tommette_chevre_savoie_JLM_600600.jpg,9d358e7c-aae4-4816-b7f0-ed69941bbcbd,2020-11-09,5.0
Tommette de Chèvre de Savoie,Chèvre,Pressée non cuite,https://www.laboitedufromager.com/fromage/tommette-de-chevre-laitiere-de-savoie/,"La Tommette de chèvre de Savoie est un fromage au lait cru de Chèvre. Prix au Kilo : 32 € (Soit 11,20€ la 1/2 Tommette, soit environ 350g)",3.88,8.0,11.2,Tommette_chevre_savoie_JLM_600600.jpg,06b7a78d-b5ac-421f-b48c-921db0cb9dcf,2020-02-06,1.0
Tommette de Missilier,Vache,Pressée non cuite,https://www.laboitedufromager.com/fromage/tommette-de-missilier/,"La Tommette de Missilier est un fromage Fermier au lait cru de vache, à pâte pressée non cuite. Prix au Kilo : 24,50 € (Soit 5,40 € le Quart, environ 220g)",4.33,3.0,5.4,Tommette_Missilier_1_600600.jpg,NULL,NULL,NULL
Tommette de Montagne,Vache,Pressée non cuite,https://www.laboitedufromager.com/fromage/tommette-de-missilier/,"La Tommette de Missilier est un fromage Fermier au lait cru de vache, à pâte pressée non cuite. Prix au Kilo : 24,50 € (Soit 5,40 € le Quart, environ 220g)",4.33,3.0,5.4,Tommette_Missilier_1_600600.jpg,7776010f-4cd7-4281-9b7d-9095656324e2,2020-03-08,2.0
Tommette de Montagne,Vache,Pressée non cuite,https://www.laboitedufromager.com/fromage/tommette-de-missilier/,"La Tommette de Missilier est un fromage Fermier au lait cru de vache, à pâte pressée non cuite. Prix au Kilo : 24,50 € (Soit 5,40 € le Quart, environ 220g)",4.33,3.0,5.4,Tommette_Missilier_1_600600.jpg,33fd1da5-feb4-4837-9ffb-f34b0ef65982,2020-01-05,5.0
Tomyère,Vache,Pressée cuite,https://www.laboitedufromager.com/fromage/tomyere/,"La Tomyère est un fromage à pâte pressée cuite du Hauts-Doubs, idéal pour pour une petite faim ! Prix au Kilo : 31€ / Kg (Soit 9,30€ les 300g)",4.63,8.0,9.3,Tomyere_3JL_600600.jpg,9d0186ca-7a24-4c6a-bcd4-fec99b161acd,2021-11-07,2.0
Torta del Casar,Brebis,Pressée non cuite,NULL,NULL,NULL,NULL,NULL,NULL,044ea265-5b3f-40e2-887b-9e446402522c,2020-02-13,3.0
Tourret,Chèvre,Molle à croûte naturelle,https://www.laboitedufromager.com/fromage/tourret/,"Le Tourret est un fromage frais au lait entier de chèvre. Sa pâte blanche est recouverte d’une croûte noir, cendrée, fine. Prix à la Pièce : 8,50 €",3.55,11.0,8.5,Tourret_1-jlm_OK_600600.jpg,8c978ad6-5fd8-4785-988f-246815cdd6d0,2020-08-02,1.0
Tourret,Chèvre,Molle à croûte naturelle,https://www.laboitedufromager.com/fromage/tourret/,"Le Tourret est un fromage frais au lait entier de chèvre. Sa pâte blanche est recouverte d’une croûte noir, cendrée, fine. Prix à la Pièce : 8,50 €",3.55,11.0,8.5,Tourret_1-jlm_OK_600600.jpg,5daca416-abb9-42a3-971f-79cc7f777918,2021-07-04,1.0
Tourret,Chèvre,Molle à croûte naturelle,https://www.laboitedufromager.com/fromage/tourret/,"Le Tourret est un fromage frais au lait entier de chèvre. Sa pâte blanche est recouverte d’une croûte noir, cendrée, fine. Prix à la Pièce : 8,50 €",3.55,11.0,8.5,Tourret_1-jlm_OK_600600.jpg,f440db01-ad50-4be9-b120-537b84240d36,2020-03-15,1.0
Tricorne,Chèvre,Molle à croûte naturelle,https://www.laboitedufromager.com/fromage/tricorne/,"Le Tricorne est un fromage de chèvre au lait cru de chèvre, fabriqué par la fromagerie Johnny Blanc. Prix à la pièce : 8,50 €",4.0,1.0,8.5,Tricorne-Blanc_2_600600.jpg,af1cf6bd-059f-41ce-9bb9-3de3f6b82431,2021-07-19,3.0
Vacherin de la Tarentaise,Vache,Molle à croûte lavée,https://www.laboitedufromager.com/fromage/vacherin-de-la-tarentaise/,"Le  Vacherin de la Tarentaise est un fromage à pâte pressée non cuite. Il est cerclé d’une sangle d’épicéa, afin de la maintenir, et cela lui donne également ce goût spécifique, propre aux vacherin, légèrement boisé. Prix au Kilo : 31 € / Kg (Soit 9,30 € les 300g)",NULL,NULL,9.3,16_Vacherin-Tarentaise_600600.jpg,a54833ee-5410-4631-a1a1-3870b962f1e9,2020-08-04,3.0
Vacherin de la Tarentaise,Vache,Molle à croûte lavée,https://www.laboitedufromager.com/fromage/vacherin-de-la-tarentaise/,"Le  Vacherin de la Tarentaise est un fromage à pâte pressée non cuite. Il est cerclé d’une sangle d’épicéa, afin de la maintenir, et cela lui donne également ce goût spécifique, propre aux vacherin, légèrement boisé. Prix au Kilo : 31 € / Kg (Soit 9,30 € les 300g)",NULL,NULL,9.3,16_Vacherin-Tarentaise_600600.jpg,c31bca84-c937-487d-a456-bfce60db0906,2020-07-21,5.0
Vacherin de la Tarentaise,Vache,Molle à croûte lavée,https://www.laboitedufromager.com/fromage/vacherin-de-la-tarentaise/,"Le  Vacherin de la Tarentaise est un fromage à pâte pressée non cuite. Il est cerclé d’une sangle d’épicéa, afin de la maintenir, et cela lui donne également ce goût spécifique, propre aux vacherin, légèrement boisé. Prix au Kilo : 31 € / Kg (Soit 9,30 € les 300g)",NULL,NULL,9.3,16_Vacherin-Tarentaise_600600.jpg,3b3730f9-0604-429e-88fb-cfeed24b001c,2021-04-30,2.0
Vacherin des Bauges,Vache,Molle à croûte lavée,https://www.laboitedufromager.com/fromage/vacherin-des-bauges/,"Le  Vacherin des Bauges est un fromage à pâte molle à croûte lavée, de consistance très crémeuse. Il est de couleur blanc à ivoire, à croûte lavée. Il est cerclé d’une sangle d’épicéa, afin de la maintenir. La sangle fait partie intégrante des conditions de production du Vacherin des Bauges. Prix au Kilo : 31 € / Kg (Soit 9,30 € les 300g)",3.57,7.0,9.3,Vacherin-des-bauges_2Bis_OK_600600.jpg,dfda147a-afa3-454f-8d80-d6d7751fe4ff,2020-03-04,3.0
Vacherin des Bauges,Vache,Molle à croûte lavée,https://www.laboitedufromager.com/fromage/vacherin-des-bauges/,"Le  Vacherin des Bauges est un fromage à pâte molle à croûte lavée, de consistance très crémeuse. Il est de couleur blanc à ivoire, à croûte lavée. Il est cerclé d’une sangle d’épicéa, afin de la maintenir. La sangle fait partie intégrante des conditions de production du Vacherin des Bauges. Prix au Kilo : 31 € / Kg (Soit 9,30 € les 300g)",3.57,7.0,9.3,Vacherin-des-bauges_2Bis_OK_600600.jpg,2a29c45a-c510-48fa-afc6-d6f7ece32395,2021-02-28,5.0
Vacherin Fribourgeois,Vache,Pressée non cuite,https://www.laboitedufromager.com/fromage/vacherin-fribourgeois/,"Le Vacherin Fribourgeois est un fromage à pâte pressée non cuite, au lait de vache. Il est fabriqué en Suisses, dans le Canton de Fribourg, et est utilisé principalement pour la fondue Suisse (2 Fromages : Gruyère Suisse et Vacherin Fribourgeois). Il est également très bon en Raclette. Prix au kilo : 39 € (soit 11,70 € les 300g)",4.38,13.0,11.7,Vacherin-fribourgeois_2-1_600600.jpg,NULL,NULL,NULL
Vacherin Mont d’Or AOP,Vache,Molle à croûte lavée,https://www.laboitedufromager.com/fromage/vacherin-fribourgeois/,"Le Vacherin Fribourgeois est un fromage à pâte pressée non cuite, au lait de vache. Il est fabriqué en Suisses, dans le Canton de Fribourg, et est utilisé principalement pour la fondue Suisse (2 Fromages : Gruyère Suisse et Vacherin Fribourgeois). Il est également très bon en Raclette. Prix au kilo : 39 € (soit 11,70 € les 300g)",4.38,13.0,11.7,Vacherin-fribourgeois_2-1_600600.jpg,804470a6-2c70-43aa-8bc4-ca9795c16dd6,2020-02-23,4.0
Vacherin Mont d’Or AOP,Vache,Molle à croûte lavée,https://www.laboitedufromager.com/fromage/vacherin-fribourgeois/,"Le Vacherin Fribourgeois est un fromage à pâte pressée non cuite, au lait de vache. Il est fabriqué en Suisses, dans le Canton de Fribourg, et est utilisé principalement pour la fondue Suisse (2 Fromages : Gruyère Suisse et Vacherin Fribourgeois). Il est également très bon en Raclette. Prix au kilo : 39 € (soit 11,70 € les 300g)",4.38,13.0,11.7,Vacherin-fribourgeois_2-1_600600.jpg,6a25ee35-5b39-4ef8-a333-b806796b3675,2021-09-15,3.0
Vacherin Mont d’Or AOP,Vache,Molle à croûte lavée,https://www.laboitedufromager.com/fromage/vacherin-fribourgeois/,"Le Vacherin Fribourgeois est un fromage à pâte pressée non cuite, au lait de vache. Il est fabriqué en Suisses, dans le Canton de Fribourg, et est utilisé principalement pour la fondue Suisse (2 Fromages : Gruyère Suisse et Vacherin Fribourgeois). Il est également très bon en Raclette. Prix au kilo : 39 € (soit 11,70 € les 300g)",4.38,13.0,11.7,Vacherin-fribourgeois_2-1_600600.jpg,5ba9fdd5-62e6-4784-91f2-4f3545165996,2020-12-21,3.0
Vacherin Mont d’Or AOP,Vache,Molle à croûte lavée,https://www.laboitedufromager.com/fromage/vacherin-fribourgeois/,"Le Vacherin Fribourgeois est un fromage à pâte pressée non cuite, au lait de vache. Il est fabriqué en Suisses, dans le Canton de Fribourg, et est utilisé principalement pour la fondue Suisse (2 Fromages : Gruyère Suisse et Vacherin Fribourgeois). Il est également très bon en Raclette. Prix au kilo : 39 € (soit 11,70 € les 300g)",4.38,13.0,11.7,Vacherin-fribourgeois_2-1_600600.jpg,8e5b3d75-cdb1-4cd9-90ab-23ec4113e419,2021-10-12,4.0
Vacherin Vaudois,Vache,Molle à croûte lavée,https://www.laboitedufromager.com/fromage/vacherin-vaudois/,"Le Vacherin Vaudois Suisse est un fromage à pâte molle à croûte lavée, de consistance  très crémeuse. Il est également légèrement refleurie de couleur brun clair, cerclé d’une sangle d’épicéa. La sangle fait partie des conditions de production du “Vacherin Vaudois”. Prix au Kilo : 34,50 € / Kg (Soit 8,63 € les 250g)",NULL,NULL,8.63,Vacherin-Vaudois_OK_600600.jpg,6cdb6b9e-bc2b-4323-9d9f-434e9dfd1ead,2021-02-03,2.0
Vacherin Vaudois,Vache,Molle à croûte lavée,https://www.laboitedufromager.com/fromage/vacherin-vaudois/,"Le Vacherin Vaudois Suisse est un fromage à pâte molle à croûte lavée, de consistance  très crémeuse. Il est également légèrement refleurie de couleur brun clair, cerclé d’une sangle d’épicéa. La sangle fait partie des conditions de production du “Vacherin Vaudois”. Prix au Kilo : 34,50 € / Kg (Soit 8,63 € les 250g)",NULL,NULL,8.63,Vacherin-Vaudois_OK_600600.jpg,5f1c7a4f-ad1b-4a79-84e6-c51d41a8a1c9,2021-06-06,5.0
Vacherin Vaudois,Vache,Molle à croûte lavée,https://www.laboitedufromager.com/fromage/vacherin-vaudois/,"Le Vacherin Vaudois Suisse est un fromage à pâte molle à croûte lavée, de consistance  très crémeuse. Il est également légèrement refleurie de couleur brun clair, cerclé d’une sangle d’épicéa. La sangle fait partie des conditions de production du “Vacherin Vaudois”. Prix au Kilo : 34,50 € / Kg (Soit 8,63 € les 250g)",NULL,NULL,8.63,Vacherin-Vaudois_OK_600600.jpg,544b6e95-af88-421f-8f38-02483eefe5aa,2020-09-02,2.0
Valençay,Chèvre,Molle à croûte naturelle,https://www.laboitedufromager.com/fromage/valencay-aop/,"Le valençay est un fromage fermier au lait cru et entier de chèvre, à croûte naturelle, à couleur gris clair tendant au gris bleuté. Sa pâte est fine et onctueuse quand il est jeune. Affiné, elle devient sèche et ferme. Au goût, elle a une saveur prononcée. Le Valençay a une forme pyramidale élancée, avec une base carrée de 6 à 7 cm de côté et de 7 à 8 cm de haut. Ce fromage pesant environ 220 g dispose d’une Appellation d’Origine Contrôlée (AOC) depuis 1998 et d’une Appellation d’Origine Protégée depuis 2014. Prix à la Pièce : 8,50 € la Pièce d’environ 220g",5.0,4.0,8.5,Valencay_1_OK_600600.jpg,e805529e-5aba-456d-9642-d91b9eed44a9,2021-09-27,4.0
Valençay,Chèvre,Molle à croûte naturelle,https://www.laboitedufromager.com/fromage/valencay-aop/,"Le valençay est un fromage fermier au lait cru et entier de chèvre, à croûte naturelle, à couleur gris clair tendant au gris bleuté. Sa pâte est fine et onctueuse quand il est jeune. Affiné, elle devient sèche et ferme. Au goût, elle a une saveur prononcée. Le Valençay a une forme pyramidale élancée, avec une base carrée de 6 à 7 cm de côté et de 7 à 8 cm de haut. Ce fromage pesant environ 220 g dispose d’une Appellation d’Origine Contrôlée (AOC) depuis 1998 et d’une Appellation d’Origine Protégée depuis 2014. Prix à la Pièce : 8,50 € la Pièce d’environ 220g",5.0,4.0,8.5,Valencay_1_OK_600600.jpg,26ea95a1-3201-4559-b088-9252c78be77a,2021-12-29,2.0
Venise Verte,Vache,Molle à croûte lavée,https://www.laboitedufromager.com/fromage/venise-verte/,"La Venise Verte est un fromage à pâte molle à croûte lavée onctueux. Il est de couleur orangé et a une texture moelleuse. Prix au Kilo : 21 € / Kg (Soit 6,30 € les 300g)",NULL,NULL,6.3,venise-verte_demi_600600.jpg,a03b8733-0db0-47e3-a8ac-372afa0c7842,2021-01-09,1.0
Venise Verte,Vache,Molle à croûte lavée,https://www.laboitedufromager.com/fromage/venise-verte/,"La Venise Verte est un fromage à pâte molle à croûte lavée onctueux. Il est de couleur orangé et a une texture moelleuse. Prix au Kilo : 21 € / Kg (Soit 6,30 € les 300g)",NULL,NULL,6.3,venise-verte_demi_600600.jpg,7a0fca8f-f932-4073-a97c-5b6eb5c047f5,2021-08-20,1.0
Venise Verte,Vache,Molle à croûte lavée,https://www.laboitedufromager.com/fromage/venise-verte/,"La Venise Verte est un fromage à pâte molle à croûte lavée onctueux. Il est de couleur orangé et a une texture moelleuse. Prix au Kilo : 21 € / Kg (Soit 6,30 € les 300g)",NULL,NULL,6.3,venise-verte_demi_600600.jpg,a693508c-9c7e-41ea-9e04-98f3573cc34d,2020-10-07,1.0
Vercorais,Vache,Pressée cuite,https://www.laboitedufromager.com/fromage/vercorais/,"Le Vercorais est un fromage fabriqué à partir de lait de vache cru de montagne. De forme ronde et noble à l’image d’une meule, ce fromage présente une pâte pressée cuite dense. Il a un goût légèrement salé. Malgré sa texture ferme, il fond en bouche en laissant un arôme fruité et boisé. Pour être exacte, une meule pèse 40 kg avec 60 cm de diamètre et 12 cm d’épaisseur. Ce fromage à la pâte molle et onctueuse, au léger goût de noisette beurré, offre une texture tout aussi crémeuse que sa couleur jaune clair ponctuée de petites fissures horizontales aussi connues en tant que « lainures ». Quant à sa croûte régulièrement brossée, elle est naturellement salée et de couleur dorée. Le Vercorais est un produit issu de l’agriculture biologique confectionnée par la Coopérative de Villars de Reims, au nord du Massif du Vercors. Il contient un taux de matière grasse de 48 %. Prix au Kilo : 31€ (soit 9,30€ les 300g)",4.61,18.0,9.3,vercorais.jpg,595b0948-2dda-4272-9cb5-d2aa662ff086,2021-01-21,2.0
Vercorais,Vache,Pressée cuite,https://www.laboitedufromager.com/fromage/vercorais/,"Le Vercorais est un fromage fabriqué à partir de lait de vache cru de montagne. De forme ronde et noble à l’image d’une meule, ce fromage présente une pâte pressée cuite dense. Il a un goût légèrement salé. Malgré sa texture ferme, il fond en bouche en laissant un arôme fruité et boisé. Pour être exacte, une meule pèse 40 kg avec 60 cm de diamètre et 12 cm d’épaisseur. Ce fromage à la pâte molle et onctueuse, au léger goût de noisette beurré, offre une texture tout aussi crémeuse que sa couleur jaune clair ponctuée de petites fissures horizontales aussi connues en tant que « lainures ». Quant à sa croûte régulièrement brossée, elle est naturellement salée et de couleur dorée. Le Vercorais est un produit issu de l’agriculture biologique confectionnée par la Coopérative de Villars de Reims, au nord du Massif du Vercors. Il contient un taux de matière grasse de 48 %. Prix au Kilo : 31€ (soit 9,30€ les 300g)",4.61,18.0,9.3,vercorais.jpg,af653f73-877e-4ea3-9c5b-bd6674cd28e4,2021-01-28,3.0
Vercorais,Vache,Pressée cuite,https://www.laboitedufromager.com/fromage/vercorais/,"Le Vercorais est un fromage fabriqué à partir de lait de vache cru de montagne. De forme ronde et noble à l’image d’une meule, ce fromage présente une pâte pressée cuite dense. Il a un goût légèrement salé. Malgré sa texture ferme, il fond en bouche en laissant un arôme fruité et boisé. Pour être exacte, une meule pèse 40 kg avec 60 cm de diamètre et 12 cm d’épaisseur. Ce fromage à la pâte molle et onctueuse, au léger goût de noisette beurré, offre une texture tout aussi crémeuse que sa couleur jaune clair ponctuée de petites fissures horizontales aussi connues en tant que « lainures ». Quant à sa croûte régulièrement brossée, elle est naturellement salée et de couleur dorée. Le Vercorais est un produit issu de l’agriculture biologique confectionnée par la Coopérative de Villars de Reims, au nord du Massif du Vercors. Il contient un taux de matière grasse de 48 %. Prix au Kilo : 31€ (soit 9,30€ les 300g)",4.61,18.0,9.3,vercorais.jpg,484ca758-0210-4dac-9f21-d50787636203,2021-09-19,3.0
Vercorais,Vache,Pressée cuite,https://www.laboitedufromager.com/fromage/vercorais/,"Le Vercorais est un fromage fabriqué à partir de lait de vache cru de montagne. De forme ronde et noble à l’image d’une meule, ce fromage présente une pâte pressée cuite dense. Il a un goût légèrement salé. Malgré sa texture ferme, il fond en bouche en laissant un arôme fruité et boisé. Pour être exacte, une meule pèse 40 kg avec 60 cm de diamètre et 12 cm d’épaisseur. Ce fromage à la pâte molle et onctueuse, au léger goût de noisette beurré, offre une texture tout aussi crémeuse que sa couleur jaune clair ponctuée de petites fissures horizontales aussi connues en tant que « lainures ». Quant à sa croûte régulièrement brossée, elle est naturellement salée et de couleur dorée. Le Vercorais est un produit issu de l’agriculture biologique confectionnée par la Coopérative de Villars de Reims, au nord du Massif du Vercors. Il contient un taux de matière grasse de 48 %. Prix au Kilo : 31€ (soit 9,30€ les 300g)",4.61,18.0,9.3,vercorais.jpg,a6a24ef9-0ffb-4134-93b8-1c0eded895e5,2020-03-14,3.0
Vercorais,Vache,Pressée cuite,https://www.laboitedufromager.com/fromage/vercorais/,"Le Vercorais est un fromage fabriqué à partir de lait de vache cru de montagne. De forme ronde et noble à l’image d’une meule, ce fromage présente une pâte pressée cuite dense. Il a un goût légèrement salé. Malgré sa texture ferme, il fond en bouche en laissant un arôme fruité et boisé. Pour être exacte, une meule pèse 40 kg avec 60 cm de diamètre et 12 cm d’épaisseur. Ce fromage à la pâte molle et onctueuse, au léger goût de noisette beurré, offre une texture tout aussi crémeuse que sa couleur jaune clair ponctuée de petites fissures horizontales aussi connues en tant que « lainures ». Quant à sa croûte régulièrement brossée, elle est naturellement salée et de couleur dorée. Le Vercorais est un produit issu de l’agriculture biologique confectionnée par la Coopérative de Villars de Reims, au nord du Massif du Vercors. Il contient un taux de matière grasse de 48 %. Prix au Kilo : 31€ (soit 9,30€ les 300g)",4.61,18.0,9.3,vercorais.jpg,8e3f5068-6499-48ce-b844-dc9e41282e71,2021-01-04,2.0
Vieux Lille,Vache,Molle à croûte lavée,https://www.laboitedufromager.com/fromage/le-vieux-lille/,"Le Vieux Lille est un fromage au lait cru de vache, à pâte molle à croûte lavée orangé. Il contient au minimum 26% de Matière Grasse sur Produit Fini. C’est un pavé de 13 cm de côté et de 6 cm d’épaisseur, pesant 720 g environ, que nous vendons au quart. Prix au quart : 5,20 €",3.95,22.0,5.2,Vieux-Lille_1_OK_600600.jpg,befa1b59-4482-4d5d-8481-73f2a12c4282,2021-02-17,4.0
Vieux Lille,Vache,Molle à croûte lavée,https://www.laboitedufromager.com/fromage/le-vieux-lille/,"Le Vieux Lille est un fromage au lait cru de vache, à pâte molle à croûte lavée orangé. Il contient au minimum 26% de Matière Grasse sur Produit Fini. C’est un pavé de 13 cm de côté et de 6 cm d’épaisseur, pesant 720 g environ, que nous vendons au quart. Prix au quart : 5,20 €",3.95,22.0,5.2,Vieux-Lille_1_OK_600600.jpg,b9bd467e-51e7-4293-b442-76a89cca2163,2020-11-15,5.0
Villageois blanc,Chèvre,Molle à croûte naturelle,https://www.laboitedufromager.com/fromage/villageois-blanc/,"Le Villageois blanc est un fromage à pâte molle et à croûte naturelle qui nous vient tout droit de la région de la Nouvelle Aquitaine. Il s’agit d’un fromage fermier fabriqué à base de lait cru de chèvre qui prend la forme basique d’un cylindre. Le Villageois blanc appartient à la famille des fromages lactique de chèvre fermier. Il pèse environ 300 g, dont 23 % de matières grasses sur produit fini. En ce qui concerne les saveurs de ce dernier, il fait part d’une flore naturelle ondulée et fondante et possède un goût lactique prononcé une fois mis en bouche. Les ingrédients utilisés lors de la fabrication de ce fromage lui donnent son goût particulier qui est plus mis en avant lors de son affinage. Prix à la pièce : 8,50€",4.75,20.0,8.5,villageois-blanc.jpg,90bc3c16-f546-44c6-bed2-911a9d28cc73,2020-03-18,4.0
Villageois blanc,Chèvre,Molle à croûte naturelle,https://www.laboitedufromager.com/fromage/villageois-blanc/,"Le Villageois blanc est un fromage à pâte molle et à croûte naturelle qui nous vient tout droit de la région de la Nouvelle Aquitaine. Il s’agit d’un fromage fermier fabriqué à base de lait cru de chèvre qui prend la forme basique d’un cylindre. Le Villageois blanc appartient à la famille des fromages lactique de chèvre fermier. Il pèse environ 300 g, dont 23 % de matières grasses sur produit fini. En ce qui concerne les saveurs de ce dernier, il fait part d’une flore naturelle ondulée et fondante et possède un goût lactique prononcé une fois mis en bouche. Les ingrédients utilisés lors de la fabrication de ce fromage lui donnent son goût particulier qui est plus mis en avant lors de son affinage. Prix à la pièce : 8,50€",4.75,20.0,8.5,villageois-blanc.jpg,6a75256f-6638-4879-95e0-17c9a2f005c3,2021-08-15,3.0
Villageois blanc,Chèvre,Molle à croûte naturelle,https://www.laboitedufromager.com/fromage/villageois-blanc/,"Le Villageois blanc est un fromage à pâte molle et à croûte naturelle qui nous vient tout droit de la région de la Nouvelle Aquitaine. Il s’agit d’un fromage fermier fabriqué à base de lait cru de chèvre qui prend la forme basique d’un cylindre. Le Villageois blanc appartient à la famille des fromages lactique de chèvre fermier. Il pèse environ 300 g, dont 23 % de matières grasses sur produit fini. En ce qui concerne les saveurs de ce dernier, il fait part d’une flore naturelle ondulée et fondante et possède un goût lactique prononcé une fois mis en bouche. Les ingrédients utilisés lors de la fabrication de ce fromage lui donnent son goût particulier qui est plus mis en avant lors de son affinage. Prix à la pièce : 8,50€",4.75,20.0,8.5,villageois-blanc.jpg,7e4c74aa-576a-4fba-ac56-b6a908052aa2,2020-12-18,2.0
Villageois blanc,Chèvre,Molle à croûte naturelle,https://www.laboitedufromager.com/fromage/villageois-blanc/,"Le Villageois blanc est un fromage à pâte molle et à croûte naturelle qui nous vient tout droit de la région de la Nouvelle Aquitaine. Il s’agit d’un fromage fermier fabriqué à base de lait cru de chèvre qui prend la forme basique d’un cylindre. Le Villageois blanc appartient à la famille des fromages lactique de chèvre fermier. Il pèse environ 300 g, dont 23 % de matières grasses sur produit fini. En ce qui concerne les saveurs de ce dernier, il fait part d’une flore naturelle ondulée et fondante et possède un goût lactique prononcé une fois mis en bouche. Les ingrédients utilisés lors de la fabrication de ce fromage lui donnent son goût particulier qui est plus mis en avant lors de son affinage. Prix à la pièce : 8,50€",4.75,20.0,8.5,villageois-blanc.jpg,01a9f2f9-852c-44be-8bfb-53ec5658d9a9,2021-08-28,3.0
Vully rouge Suisse,Vache,Pressée cuite,https://www.laboitedufromager.com/fromage/vully-rouge-suisse/,"Le Vully Rouge Suisse est un fromage à pâte pressée cuite, au lait cru de vache. Il est fabriqué dans le Jura Fribourgeois en Suisse. Prix au kilo : 30 € (soit 9 € les 300g)",4.29,7.0,9.0,Vully-rouge_600600.jpg,ae217be2-f3bc-4dbf-ba24-5e8a88b8cbac,2021-06-13,1.0
Vully rouge Suisse,Vache,Pressée cuite,https://www.laboitedufromager.com/fromage/vully-rouge-suisse/,"Le Vully Rouge Suisse est un fromage à pâte pressée cuite, au lait cru de vache. Il est fabriqué dans le Jura Fribourgeois en Suisse. Prix au kilo : 30 € (soit 9 € les 300g)",4.29,7.0,9.0,Vully-rouge_600600.jpg,94946c79-aa0b-463b-86ac-512178e7514c,2021-07-15,2.0
Vully rouge Suisse,Vache,Pressée cuite,https://www.laboitedufromager.com/fromage/vully-rouge-suisse/,"Le Vully Rouge Suisse est un fromage à pâte pressée cuite, au lait cru de vache. Il est fabriqué dans le Jura Fribourgeois en Suisse. Prix au kilo : 30 € (soit 9 € les 300g)",4.29,7.0,9.0,Vully-rouge_600600.jpg,53bf3127-86e5-434e-9b7a-07b912149c04,2021-08-10,1.0
Vully rouge Suisse,Vache,Pressée cuite,https://www.laboitedufromager.com/fromage/vully-rouge-suisse/,"Le Vully Rouge Suisse est un fromage à pâte pressée cuite, au lait cru de vache. Il est fabriqué dans le Jura Fribourgeois en Suisse. Prix au kilo : 30 € (soit 9 € les 300g)",4.29,7.0,9.0,Vully-rouge_600600.jpg,cc5fcdcd-349b-4910-8384-608204b86b40,2020-03-08,5.0
